% Encoding: UTF-8

@article{Kosata_2021,
	title = {Second-order topological modes in two-dimensional continuous media},
	author = {{\textbf{J. Ko\v{s}ata}} and Zilberberg, Oded},
	journal = {Phys. Rev. Research},
	volume = {3},
	issue = {3},
	pages = {L032029},
	numpages = {6},
	year = {2021},
	month = {Jul},
	publisher = {American Physical Society},
	doi = {10.1103/PhysRevResearch.3.L032029},
	url = {https://link.aps.org/doi/10.1103/PhysRevResearch.3.L032029},
	keywords = {jk}
}

@misc{Kosata_2022b,
	title={Fixing the rotating-wave approximation for strongly-detuned quantum oscillators}, 
	author={{\textbf{J. Ko\v{s}ata}\textsuperscript{*}} and {A. Leuch\textsuperscript{*}} and K\"{a}stli, Tobias and Zilberberg, Oded},
	howpublished = {{\href{https://arxiv.org/abs/2202.13172}{arXiv:2202.13172}}, accepted to Physical Review Research},
	keywords = {jk}
}

@article{Kosata_2022a,
	title={{HarmonicBalance.jl: A Julia suite for nonlinear dynamics using harmonic  balance}},
	author={{\textbf{J. Ko\v{s}ata}\textsuperscript{*}} and {J. del Pino\textsuperscript{*}} and Toni L. Heugel and Oded Zilberberg},
	journal={SciPost Phys. Codebases},
	pages={6},
	year={2022},
	publisher={SciPost},
	doi={10.21468/SciPostPhysCodeb.6},
	url={https://scipost.org/10.21468/SciPostPhysCodeb.6},
	keywords = {jk}
}

@article{Kosata_2020,
	title = {Spin Detection via Parametric Frequency Conversion in a Membrane Resonator},
	author = {{\textbf{J. Ko\v{s}ata}} and Zilberberg, Oded and Degen, Christian L. and Chitra, R. and Eichler, Alexander},
	journal = {Phys. Rev. Applied},
	volume = {14},
	issue = {1},
	pages = {014042},
	numpages = {13},
	year = {2020},
	publisher = {American Physical Society},
	doi = {10.1103/PhysRevApplied.14.014042},
	url = {https://link.aps.org/doi/10.1103/PhysRevApplied.14.014042},
	keywords = {jk}
}

@article{Grob_2019,
	author = {Grob, U. and Krass, M. D. and Héritier, M. and Pachlatko, R. and Rhensius, J. and {\textbf{J. Ko\v{s}ata}} and Moores, B. A. and Takahashi, H. and Eichler, A. and Degen, C. L.},
	title = {Magnetic Resonance Force Microscopy with a One-Dimensional Resolution of 0.9 Nanometers},
	journal = {Nano Lett.},
	volume = {19},
	number = {11},
	pages = {7935-7940},
	year = {2019},
	doi = {10.1021/acs.nanolett.9b03048},
	keywords = {jkold}
}

@article{Kosata_2018b,
	title = {{Polarized primary spectrometer on the LET instrument at ISIS}},
	journal = {Physica B},
	volume = {551},
	pages = {476-479},
	year = {2018},
	issn = {0921-4526},
	doi = {https://doi.org/10.1016/j.physb.2017.11.072},
	url = {https://www.sciencedirect.com/science/article/pii/S0921452617309675},
	author = {{\textbf{J. Ko\v{s}ata}} and G.J. Nilsen and M. Devonport and R.I. Bewley and D.J. Voneshen and P.J. Galsworthy and D. Raspino and J.R. Stewart},
	keywords = {jkold}
}

@article{Kosata_2018a,
	author = {{\textbf{J. Ko\v{s}ata}} and Merkl, Padryk and Teeratchanan, Pattanasak and Hermann, Andreas},
	title = {{Stability of Hydrogen Hydrates from Second-Order Møller–Plesset Perturbation Theory}},
	journal = {J. Phys. Chem. Lett.},
	volume = {9},
	number = {18},
	pages = {5624-5629},
	year = {2018},
	doi = {10.1021/acs.jpclett.8b02274},
	keywords = {jkold}
}

@article{Nilsen_2017,
	doi = {10.1088/1742-6596/862/1/012019},
	year = {2017},
	volume = {862},
	pages = {012019},
	author = {G J Nilsen and {\textbf{J. Ko\v{s}ata}} and M Devonport and P Galsworthy and R I Bewley and D J Voneshen and R Dalgliesh and J R Stewart},
	title = {{Polarisation analysis on the LET time-of-flight spectrometer}},
	journal = {J. Phys. Conf. Ser.},
	keywords = {jkold}
}
