% Encoding: UTF-8


@misc{harmonic_balance_docs,
	title        = {{HarmonicBalance.jl documentation}},
	howpublished = {\url{https://nonlinearoscillations.github.io/HarmonicBalance.jl}}
}
@book{allen2017computer,
	title        = {Computer simulation of liquids},
	author       = {Allen, Michael P and Tildesley, Dominic J},
	year         = 2017,
	publisher    = {Oxford university press}
}

@book{Jordan_Smith,
	title        = {Nonlinear Ordinary Differential Equations: An Introduction for Scientists and Engineers},
	author       = {Jordan, Dominic and Smith, Peter},
	year         = 2007,
	edition			= "4th ed.",
	publisher    = {Oxford university press}
}


@article{Mahboob2008,
	title        = {{Bit storage and bit flip operations in an electromechanical oscillator}},
	author       = {Mahboob, I. and Yamaguchi, H.},
	year         = 2008,
	month        = {may},
	journal      = {Nat. Nanotechnol.},
	volume       = 3,
	number       = 5,
	pages        = {275--279},
	issn         = {1748-3387},
	pmid         = 18654523
}
@article{Hosoya1991,
	title        = {{Quantum flux parametron: a single quantum flux device for Josephson supercomputer}},
	author       = {Hosoya, Mutsumi and Hioe, Willy and Casas, Juan and Kamikawai, Ryotaro and Harada, Yutaka and Wada, Yasou and Nakane, Hideaki and Suda, Reiji and Goto, Eiichi},
	year         = 1991,
	month        = {jun},
	journal      = {IEEE Trans. Appiled Supercond.},
	volume       = 1,
	number       = 2,
	pages        = {77--89},
	issn         = 10518223
}
@article{Sterzer1959,
	title        = {{Microwave Parametric Subharmonic Oscillators for Digital Computing}},
	author       = {Sterzer, Fred},
	year         = 1959,
	journal      = {Proc. IRE},
	issn         = {00968390}
}
@misc{von1957non,
	title        = {Non-linear capacitance or inductance switching, amplifying, and memory organs},
	author       = {Von, Neumann John},
	year         = 1957,
	month        = dec # {~3},
	publisher    = {Google Patents},
	note         = {US Patent 2,815,488}
}
@article{Goto1959,
	title        = {{The Parametron, a Digital Computing Element which Utilizes Parametric Oscillation}},
	author       = {Goto, Eiichi},
	year         = 1959,
	journal      = {Proc. IRE},
	issn         = {00968390}
}
@article{CarlonZambon2020,
	title        = {{Parametric instability in coupled nonlinear microcavities}},
	author       = {{Carlon Zambon}, N. and Rodriguez, S. R. K. and Lema{\^{i}}tre, A. and Harouri, A. and {Le Gratiet}, L. and Sagnes, I. and St-Jean, P. and Ravets, S. and Amo, A. and Bloch, J.},
	year         = 2020,
	month        = {aug},
	journal      = {Phys. Rev. A},
	volume       = 102,
	number       = 2,
	pages        = {023526},
	issn         = {2469-9926}
}
@article{Ganesan2017,
	title        = {{Phononic Frequency Comb via Intrinsic Three-Wave Mixing}},
	author       = {Ganesan, Adarsh and Do, Cuong and Seshia, Ashwin},
	year         = 2017,
	month        = {jan},
	journal      = {Phys. Rev. Lett.},
	volume       = 118,
	number       = 3,
	pages        = {033903},
	issn         = {0031-9007},
	pmid         = 28157346
}

@article{Ganesan_2018,
	title={Phononic frequency comb via three-mode parametric resonance},
	author={Ganesan, Adarsh and Do, Cuong and Seshia, Ashwin},
	journal={Appl. Phys. Lett.},
	volume={112},
	number={2},
	pages={021906},
	year={2018},
	publisher={AIP Publishing LLC}
}

@article{Czaplewski_2019,
	title={Bifurcation diagram and dynamic response of a MEMS resonator with a 1: 3 internal resonance},
	author={Czaplewski, David A and Strachan, Scott and Shoshani, Oriel and Shaw, Steven W and L{\'o}pez, Daniel},
	journal={Appl. Phys. Lett.},
	volume={114},
	number={25},
	pages={254104},
	year={2019},
	publisher={AIP Publishing LLC}
}

@article{Kecskekler_2021,
	title={Tuning nonlinear damping in graphene nanoresonators by parametric--direct internal resonance},
	author={Ke{\c{s}}kekler, Ata and Shoshani, Oriel and Lee, Martin and van der Zant, Herre SJ and Steeneken, Peter G and Alijani, Farbod},
	journal={Nat. Commun.},
	volume={12},
	number={1},
	pages={1--7},
	year={2021},
	publisher={Nature Publishing Group}
}

@article{Steeneken_2021,
	doi = {10.1088/2053-1583/ac152c},
	url = {https://doi.org/10.1088/2053-1583/ac152c},
	year = 2021,
	month = {aug},
	publisher = {{IOP} Publishing},
	volume = {8},
	number = {4},
	pages = {042001},
	author = {Peter G Steeneken and Robin J Dolleman and Dejan Davidovikj and Farbod Alijani and Herre S J van der Zant},
	title = {Dynamics of 2D material membranes},
	journal = {2D Mater.}
}

@article{Miller_2021,
	title = {Amplitude stabilization of micromechanical oscillators using engineered nonlinearity},
	author = {Miller, James M. L. and Gomez-Franco, Ariosto and Shin, Dongsuk D. and Kwon, Hyun-Keun and Kenny, Thomas W.},
	journal = {Phys. Rev. Research},
	volume = {3},
	issue = {3},
	pages = {033268},
	numpages = {16},
	year = {2021},
	month = {Sep},
	publisher = {American Physical Society},
	doi = {10.1103/PhysRevResearch.3.033268},
	url = {https://link.aps.org/doi/10.1103/PhysRevResearch.3.033268}
}



@article{Czaplewski2018,
	title        = {{Bifurcation Generated Mechanical Frequency Comb}},
	author       = {Czaplewski, David A. and Chen, Changyao and Lopez, Daniel and Shoshani, Oriel and Eriksson, Axel M. and Strachan, Scott and Shaw, Steven W.},
	year         = 2018,
	month        = {dec},
	journal      = {Phys. Rev. Lett.},
	volume       = 121,
	number       = 24,
	pages        = 244302,
	issn         = {0031-9007},
	pmid         = 30608738
}
@article{Dykman2019,
	title        = {{Resonantly Induced Friction and Frequency Combs in Driven Nanomechanical Systems.}},
	author       = {Dykman, M. I. and Rastelli, Gianluca and Roukes, M. L. and Weig, Eva M.},
	year         = 2019,
	month        = {jun},
	journal      = {Phys. Rev. Lett.},
	volume       = 122,
	number       = 25,
	pages        = 254301,
	issn         = {1079-7114},
	pmid         = 31347858
}
@book{Nayfeh_Mook,
	title        = {Nonlinear oscillations},
	author       = {Nayfeh, Ali H and Mook, Dean T},
	year         = 1995,
	publisher    = {John Wiley \& Sons}
}
@book{Schuster2009,
	title        = {{Reviews of Nonlinear Dynamics and Complexity}},
	year         = 2009,
	booktitle    = {Rev. Nonlinear Dyn. Complex.},
	isbn         = 9783527407293
}
@article{dykman1975theory,
	title        = {Theory of nonlinear nonequilibrium oscillators interacting with a medium},
	author       = {Dykman, MI},
	year         = 1975,
	journal      = {Zh. Eksp. Theor. Fiz},
	volume       = 68,
	pages        = {2082--2094}
}
@article{Mangussi2016,
	title        = {{Internal resonance in a vibrating beam: A zoo of nonlinear resonance peaks}},
	year         = 2016,
	journal      = {PLoS One},
	issn         = 19326203,
	pmid         = 27648829
}
@article{Houri2019,
	title        = {{Limit cycles and bifurcations in a nonlinear MEMS resonator with a 1:3 internal resonance}},
	year         = 2019,
	journal      = {Appl. Phys. Lett.},
	issn         = {00036951}
}
@article{Houri2020,
	title        = {{Demonstration of Multiple Internal Resonances in a Microelectromechanical Self-Sustained Oscillator}},
	author       = {Houri, S. and Hatanaka, D. and Asano, M. and Yamaguchi, H.},
	year         = 2020,
	journal      = {Phys. Rev. Appl.},
	issn         = 23317019
}
@article{Guttinger2017,
	title        = {{Energy-dependent path of dissipation in nanomechanical resonators}},
	author       = {G{\"{u}}ttinger, Johannes and Noury, Adrien and Weber, Peter and Eriksson, Axel Martin and Lagoin, Camille and Moser, Joel and Eichler, Christopher and Wallraff, Andreas and Isacsson, Andreas and Bachtold, Adrian},
	year         = 2017,
	journal      = {Nat. Nanotechnol.},
	issn         = 17483395,
	pmid         = 28507334
}
@article{Chen2017,
	title        = {{Direct observation of coherent energy transfer in nonlinear micromechanical oscillators}},
	author       = {Chen, Changyao and Zanette, Dami{\'{a}}n H. and Czaplewski, David A. and Shaw, Steven and L{\'{o}}pez, Daniel},
	year         = 2017,
	journal      = {Nat. Commun.},
	issn         = 20411723,
	pmid         = 28548088
}
@book{volkenstein2012molecular,
	title        = {Molecular biophysics},
	author       = {Volkenstein, MV},
	year         = 2012,
	publisher    = {Elsevier}
}
@book{Rubiola2008,
	title        = {{Phase Noise and Frequency Stability in Oscillators}},
	author       = {Rubiola, Enrico},
	year         = 2008,
	booktitle    = {Phase Noise Freq. Stab. Oscil.},
	publisher    = {Cambridge University Press},
	address      = {Cambridge},
	isbn         = 9780511812798,
}
@book{Rohde2005,
	title        = {{The Design of Modern Microwave Oscillators for Wireless Applications}},
	author       = {Rohde, Ulrich L. and Poddar, Ajay Kumar and B{\"{o}}ck, Georg},
	year         = 2005,
	month        = {jun},
	booktitle    = {Des. Mod. Microw. Oscil. Wirel. Appl. Theory Optim.},
	publisher    = {John Wiley \& Sons, Inc.},
	address      = {Hoboken, NJ, USA},
	isbn         = 9780471727170,
}
@book{niku2020introduction,
	title        = {Introduction to robotics: analysis, control, applications},
	author       = {Niku, Saeed B},
	year         = 2020,
	publisher    = {John Wiley \& Sons}
}
@article{Shen2002,
	title        = {{The Principles of Nonlinear Optics (Wiley Classics Library)}},
	author       = {Shen, Y R},
	year         = 2002,
	journal      = {New York, Wiley-Interscience, 1984, 575 p.},
	isbn         = {0471430803},
	keywords     = {book,thz}
}
@article{10.1145/3511528.3511535,
	title        = {High-Performance Symbolic-Numerics via Multiple Dispatch},
	author       = {Gowda, Shashi and Ma, Yingbo and Cheli, Alessandro and Gw\'{o}\'{z}zd\'{z}, Maja and Shah, Viral B. and Edelman, Alan and Rackauckas, Christopher},
	year         = 2022,
	month        = {jan},
	journal      = {ACM Commun. Comput. Algebra},
	publisher    = {Association for Computing Machinery},
	address      = {New York, NY, USA},
	volume       = 55,
	number       = 3,
	pages        = {92–96},
	issn         = {1932-2240},
	issue_date   = {September 2021},
	numpages     = 5
}

@article{Rackauskas_2017,
	title={Differentialequations.jl--a performant and feature-rich ecosystem for solving differential equations in julia},
	author={Rackauckas, Christopher and Nie, Qing},
	journal={Journal of Open Research Software},
	volume={5},
	number={1},
	year={2017},
	publisher={Ubiquity Press}
}

@article{Heugel_2019,
	title        = {Quantum Transducer Using a Parametric Driven-Dissipative Phase Transition},
	author       = {Heugel, Toni L. and Biondi, Matteo and Zilberberg, Oded and Chitra, R.},
	year         = 2019,
	month        = {Oct},
	journal      = {Phys. Rev. Lett.},
	publisher    = {American Physical Society},
	volume       = 123,
	pages        = 173601,
	issue        = 17,
	numpages     = 6
}
@article{2016PhRvA..93d3827O,
	title        = {Synthetic dimensions in integrated photonics: From optical isolation to four-dimensional quantum Hall physics},
	author       = {Ozawa, Tomoki and Price, Hannah M. and Goldman, Nathan and Zilberberg, Oded and Carusotto, Iacopo},
	year         = 2016,
	month        = {Apr},
	journal      = {Phys. Rev. A},
	publisher    = {American Physical Society},
	volume       = 93,
	pages        = {043827},
	issue        = 4,
	numpages     = 17
}
@misc{2021arXiv210911943H,
	title        = {{Strong parametric coupling between two ultra-coherent membrane modes}},
	author       = {{H{\"a}lg}, David and {Gisler}, Thomas and {Langman}, Eric C. and {Misra}, Shobhna and {Zilberberg}, Oded and {Schliesser}, Albert and {Degen}, Christian L. and {Eichler}, Alexander},
	howpublished = {\href{https://arxiv.org/abs/2109.11943}{arXiv:2109.11943}}
}
@article{Ozawa2019,
	title        = {{Topological photonics}},
	author       = {Ozawa, Tomoki and Price, Hannah M and Amo, Alberto and Goldman, Nathan and Hafezi, Mohammad and Lu, Ling and Rechtsman, Mikael C and Schuster, David and Simon, Jonathan and Zilberberg, Oded and Carusotto, Iacopo},
	year         = 2019,
	month        = {mar},
	journal      = {Rev. Mod. Phys.},
	publisher    = {American Physical Society},
	volume       = 91,
	number       = 1,
	pages        = {015006},
	issn         = {0034-6861},
	file         = {:Users/jdelpino_ethz/Dropbox/javier/work/physics/bibliography/papers/RevModPhys.91.015006-annotated.pdf:pdf},
	keywords     = {doi:10.1103/RevModPhys.91.015006 url:https://doi.o}
}
@article{DelPino2016,
	title        = {{Exploiting Vibrational Strong Coupling to Make an Optical Parametric Oscillator Out of a Raman Laser}},
	author       = {del Pino, Javier and Garcia-Vidal, Francisco J. and Feist, Johannes},
	year         = 2016,
	month        = {dec},
	journal      = {Phys. Rev. Lett.},
	volume       = 117,
	number       = 27,
	pages        = 277401,
	issn         = {0031-9007},
}
@misc{2022arXiv220106315P,
	title        = {{Roadmap on Topological Photonics}},
	author       = {{Price}, Hannah and {Chong}, Yidong and {Khanikaev}, Alexander and {Schomerus}, Henning and {Maczewsky}, Lukas J. and {Kremer}, Mark and {Heinrich}, Matthias and {Szameit}, Alexander and {Zilberberg}, Oded and {Yang}, Yihao and {Zhang}, Baile and {Al{\`u}}, Andrea and {Thomale}, Ronny and {Carusotto}, Iacopo and {St-Jean}, Philippe and {Amo}, Alberto and {Dutt}, Avik and {Yuan}, Luqi and {Fan}, Shanhui and {Yin}, Xuefan and {Peng}, Chao and {Ozawa}, Tomoki and {Blanco-Redondo}, Andrea},
	howpublished = {\href{https://arxiv.org/abs/2201.06315}{arXiv:2201.06315}}
}
@article{2021PhRvX..11d1046F,
	title        = {Emerging Dissipative Phases in a Superradiant Quantum Gas with Tunable Decay},
	author       = {Ferri, Francesco and Rosa-Medina, Rodrigo and Finger, Fabian and Dogra, Nishant and Soriente, Matteo and Zilberberg, Oded and Donner, Tobias and Esslinger, Tilman},
	year         = 2021,
	month        = {Dec},
	journal      = {Phys. Rev. X},
	publisher    = {American Physical Society},
	volume       = 11,
	pages        = {041046},
	issue        = 4,
	numpages     = 20
}
@article{2021PhRvR...3b3100S,
	title        = {Distinctive class of dissipation-induced phase transitions and their universal characteristics},
	author       = {Soriente, Matteo and Heugel, Toni L. and Arimitsu, Keita and Chitra, R. and Zilberberg, Oded},
	year         = 2021,
	month        = {May},
	journal      = {Phys. Rev. Research},
	publisher    = {American Physical Society},
	volume       = 3,
	pages        = {023100},
	issue        = 2,
	numpages     = 19
}


@article{Heugel_2022,
	title = {Ising machines with strong bilinear coupling},
	author = {Heugel, Toni L. and Zilberberg, Oded and Marty, Christian and Chitra, R. and Eichler, Alexander},
	journal = {Phys. Rev. Research},
	volume = {4},
	issue = {1},
	pages = {013149},
	numpages = {8},
	year = {2022},
	month = {Feb},
	publisher = {American Physical Society},
}


@article{2019PhRvL.123l4301H,
	title        = {Classical Many-Body Time Crystals},
	author       = {Heugel, Toni L. and Oscity, Matthias and Eichler, Alexander and Zilberberg, Oded and Chitra, R.},
	year         = 2019,
	month        = {Sep},
	journal      = {Phys. Rev. Lett.},
	publisher    = {American Physical Society},
	volume       = 123,
	pages        = 124301,
	issue        = 12,
	numpages     = 6
}
@article{2018ApPhL.112w3105E,
	title        = {{A parametric symmetry breaking transducer}},
	author       = {{Eichler}, Alexander and {Heugel}, Toni L. and {Leuch}, Anina and {Degen}, Christian L. and {Chitra}, R. and {Zilberberg}, Oded},
	year         = 2018,
	month        = jun,
	journal      = {Appl. Phys. Lett.},
	volume       = 112,
	number       = 23,
	pages        = 233105,
	keywords     = {Condensed Matter - Mesoscale and Nanoscale Physics},
	eid          = 233105,
	archiveprefix = {arXiv},
	eprint       = {1803.10467},
	primaryclass = {cond-mat.mes-hall},
	adsurl       = {https://ui.adsabs.harvard.edu/abs/2018ApPhL.112w3105E},
	adsnote      = {Provided by the SAO/NASA Astrophysics Data System}
}
@article{2018PhRvL.120r3603S,
	title        = {Dissipation-Induced Anomalous Multicritical Phenomena},
	author       = {Soriente, M. and Donner, T. and Chitra, R. and Zilberberg, O.},
	year         = 2018,
	month        = {May},
	journal      = {Phys. Rev. Lett.},
	publisher    = {American Physical Society},
	volume       = 120,
	pages        = 183603,
	issue        = 18,
	numpages     = 5
}
@article{Soriente2020,
	title        = {Distinguishing phases using the dynamical response of driven-dissipative light-matter systems},
	author       = {Soriente, M. and Chitra, R. and Zilberberg, O.},
	year         = 2020,
	month        = {Feb},
	journal      = {Phys. Rev. A},
	publisher    = {American Physical Society},
	volume       = 101,
	pages        = {023823},
	issue        = 2,
	numpages     = 9
}
@article{2020NJPh...22i3049M,
	title        = {{On the effect of linear feedback and parametric pumping on a resonator's frequency stability}},
	author       = {{Mohammadi}, Zohreh and {Heugel}, Toni L. and {Miller}, James M.~L. and {Shin}, Dongsuk D. and {Kwon}, Hyun-Keun and {Kenny}, Thomas W. and {Chitra}, Ramasubramanian and {Zilberberg}, Oded and {Villanueva}, Luis Guillermo},
	year         = 2020,
	month        = sep,
	journal      = {New J. Phys.},
	volume       = 22,
	number       = 9,
	pages        = {093049},
	keywords     = {resonant sensors, MEMS, NEMS, feedback Q control, parametric pumping, Condensed Matter - Mesoscale and Nanoscale Physics},
	eid          = {093049},
	archiveprefix = {arXiv},
	eprint       = {2006.00650},
	primaryclass = {cond-mat.mes-hall},
	adsurl       = {https://ui.adsabs.harvard.edu/abs/2020NJPh...22i3049M},
	adsnote      = {Provided by the SAO/NASA Astrophysics Data System}
}
@article{del2021non,
	title        = {Non-Hermitian chiral phononics through optomechanically-induced squeezing},
	author       = {del Pino, Javier and Slim, Jesse J and Verhagen, Ewold},
	year         = 2021,
	journal      = {arXiv preprint arXiv:2110.14710}
}

@misc{veltz:hal-02902346,
	title        = {{BifurcationKit.jl}},
	author       = {Veltz, Romain},
	year         = 2020,
	month        = Jul,
	institution  = {{Inria Sophia-Antipolis}},
	keywords     = {pseudo-arclength-continuation ; periodic-orbits ; floquet ; gpu ; bifurcation-diagram ; deflation ; newton-krylov},
	pdf          = {https://hal.archives-ouvertes.fr/hal-02902346/file/354c9fb0d148262405609eed2cb7927818706f1f.tar.gz},
	hal_id       = {hal-02902346},
	hal_version  = {v1}
}
@book{MATLAB:2010,
	title        = {version 7.10.0 (R2010a)},
	author       = {MATLAB},
	year         = 2010,
	publisher    = {The MathWorks Inc.},
	address      = {Natick, Massachusetts}
}
@book{krylov2016introduction,
	title        = {Introduction to Non-Linear Mechanics.(AM-11), Volume 11},
	author       = {Krylov, Nikolai Mitrofanovich and Bogoliubov, Nikolai Nikolaevich},
	year         = 2016,
	publisher    = {Princeton University Press},
	isbn         = 9780691079851
}
@misc{QuantumAlgebra.jl,
	title        = {{QuantumAlgebra.jl}},
	author       = {Johannes Feist <johannes.feist@gmail.com> and contributors},
	year         = 2021,
	month        = 7,
	version      = {v0.1.0}
}
@article{kramer2018quantumoptics,
	title        = {{QuantumOptics.jl: A Julia framework for simulating open quantum systems}},
	author       = {Sebastian Krämer and David Plankensteiner and Laurin Ostermann and Helmut Ritsch},
	year         = 2018,
	journal      = {Comput. Phys. Commun.},
	volume       = 227,
	pages        = {109--116},
	issn         = {0010-4655},
}
@book{getling1998rayleigh,
	title        = {Rayleigh-B nard convection: structures and dynamics},
	author       = {Getling, Alexander V},
	year         = 1998,
	publisher    = {World Scientific},
	volume       = 11
}
@article{Vinante2013,
	title        = {{Feedback-Enhanced Parametric Squeezing of Mechanical Motion}},
	author       = {Vinante, Andrea and Falferi, Paolo},
	year         = 2013,
	month        = {nov},
	journal      = {Phys. Rev. Lett.},
	volume       = 111,
	number       = 20,
	pages        = 207203,
	issn         = {0031-9007},
	eprint       = {1309.3121},
	file         = {:Users/jdelpino_ethz/Dropbox/javier/work/physics/bibliography/papers/vinante2013.pdf:pdf}
}
@book{Dykman2012,
	title        = {{Fluctuating Nonlinear Oscillators}},
	year         = 2012,
	month        = {jul},
	booktitle    = {Fluctuating Nonlinear Oscil.},
	publisher    = {Oxford University Press},
	isbn         = 9780199691388,
	editor       = {Dykman, Mark}
}
@article{Hunter2007,
	title        = {Matplotlib: A 2D graphics environment},
	author       = {Hunter, J. D.},
	year         = 2007,
	journal      = {Comput. Sci. Eng.},
	publisher    = {IEEE COMPUTER SOC},
	volume       = 9,
	number       = 3,
	pages        = {90--95},
}
@article{Carusotto2013,
	title        = {Quantum fluids of light},
	author       = {Carusotto, Iacopo and Ciuti, Cristiano},
	year         = 2013,
	month        = {Feb},
	journal      = {Rev. Mod. Phys.},
	publisher    = {American Physical Society},
	volume       = 85,
	pages        = {299--366},
	issue        = 1,
	numpages     = {0}
}
@article{Bhaseen2012,
	title        = {Dynamics of nonequilibrium Dicke models},
	author       = {Bhaseen, M. J. and Mayoh, J. and Simons, B. D. and Keeling, J.},
	year         = 2012,
	month        = {Jan},
	journal      = {Phys. Rev. A},
	publisher    = {American Physical Society},
	volume       = 85,
	pages        = {013817},
	issue        = 1,
	numpages     = 25
}
@article{Chitra2015,
	title        = {Dynamical many-body phases of the parametrically driven, dissipative Dicke model},
	author       = {Chitra, R. and Zilberberg, O.},
	year         = 2015,
	month        = {Aug},
	journal      = {Phys. Rev. A},
	publisher    = {American Physical Society},
	volume       = 92,
	pages        = {023815},
	issue        = 2,
	numpages     = 7
}
@article{Aldana2013,
	title        = {{Equivalence between an optomechanical system and a Kerr medium}},
	author       = {Aldana, Samuel and Bruder, Christoph and Nunnenkamp, Andreas},
	year         = 2013,
	month        = {jun},
	journal      = {Phys. Rev. A},
	volume       = 88,
	number       = 4,
	issn         = 10502947,
	eprint       = {1306.0415}
}
@book{Arnold1978,
	title        = {{Mathematical Methods of Classical Mechanics}},
	author       = {Arnold, V. I.},
	year         = 1978,
	publisher    = {Springer},
	isbn         = {978-1-4757-1695-5},
	issn         = {00018708}
}
@article{Aspelmeyer2014,
	title        = {Cavity optomechanics},
	author       = {Aspelmeyer, Markus and Kippenberg, Tobias J. and Marquardt, Florian},
	year         = 2014,
	month        = {Dec},
	journal      = {Rev. Mod. Phys.},
	publisher    = {American Physical Society},
	volume       = 86,
	pages        = {1391--1452},
	issue        = 4,
	numpages     = 62
}
@book{Bates_2013,
	title        = {Numerically solving polynomial systems with Bertini},
	author       = {Bates, Daniel J and Sommese, Andrew J and Hauenstein, Jonathan D and Wampler, Charles W},
	year         = 2013,
	publisher    = {SIAM},
	isbn         = {978-1-611972-69-6}
}
@article{Bello2019a,
	title        = {Persistent Coherent Beating in Coupled Parametric Oscillators},
	author       = {Bello, Leon and Calvanese Strinati, Marcello and Dalla Torre, Emanuele G. and Pe'er, Avi},
	year         = 2019,
	month        = {Aug},
	journal      = {Phys. Rev. Lett.},
	publisher    = {American Physical Society},
	volume       = 123,
	pages        = {083901},
	issue        = 8,
	numpages     = 6
}
@article{Bernshtein1975,
	title        = {The number of roots of a system of equations},
	author       = {Bernshtein, David N},
	year         = 1975,
	journal      = {Functional Analysis and its applications},
	publisher    = {Springer},
	volume       = 9,
	number       = 3,
	pages        = {183--185}
}
@inproceedings{Breiding_2018,
	title        = {{HomotopyContinuation. jl: A package for homotopy continuation in Julia}},
	author       = {Breiding, Paul and Timme, Sascha},
	year         = 2018,
	booktitle    = {International Congress on Mathematical Software},
	pages        = {458--465},
	organization = {Springer}
}
@article{Burgwal2020,
	title        = {Comparing nonlinear optomechanical coupling in membrane-in-the-middle and single-cavity systems},
	author       = {Roel Burgwal and Javier del Pino and Ewold Verhagen},
	year         = 2020,
	month        = {nov},
	journal      = {New J. Phys.},
	publisher    = {{IOP} Publishing},
	volume       = 22,
	number       = 11,
	pages        = 113006,
}
@article{CalvaneseStrinati2019,
	title        = {Theory of coupled parametric oscillators beyond coupled Ising spins},
	author       = {Calvanese Strinati, Marcello and Bello, Leon and Pe'er, Avi and Dalla Torre, Emanuele G.},
	year         = 2019,
	month        = {Aug},
	journal      = {Phys. Rev. A},
	publisher    = {American Physical Society},
	volume       = 100,
	pages        = {023835},
	issue        = 2,
	numpages     = 17
}
@article{CalvaneseStrinati2020,
	title        = {Coherent dynamics in frustrated coupled parametric oscillators},
	author       = {Marcello Calvanese Strinati and Igal Aharonovich and Shai Ben-Ami and Emanuele G Dalla Torre and Leon Bello and Avi Pe'er},
	year         = 2020,
	month        = {aug},
	journal      = {New J. Phys.},
	publisher    = {{IOP} Publishing},
	volume       = 22,
	number       = 8,
	pages        = {085005},
}
@article{cohen1986quantum,
	title        = {Quantum Mechanics, Volume 2},
	author       = {Cohen-Tannoudji, Claude and Diu, Bernard and Laloe, Frank},
	year         = 1986,
	journal      = {Quantum Mechanics},
	publisher    = {Wiley-VCH}
}
@inbook{cox2005solving,
	title        = {Using Algebraic Geometry},
	author       = {Cox, David A and Little, John and O’Shea, Donal},
	year         = 2005,
	publisher    = {Springer},
	pages        = {26--76},
	isbn         = {978-0-387-98487-2}
}
@article{del2007optical,
	title        = {Optical frequency comb generation from a monolithic microresonator},
	author       = {Del’Haye, Pascal and Schliesser, Albert and Arcizet, Olivier and Wilken, Tom and Holzwarth, Ronald and Kippenberg, Tobias J},
	year         = 2007,
	journal      = {Nature},
	publisher    = {Nature Publishing Group},
	volume       = 450,
	number       = 7173,
	pages        = {1214--1217},
}
@article{Eckardt_2015,
	title        = {High-frequency approximation for periodically driven quantum systems from a Floquet-space perspective},
	author       = {Andr{\'{e}} Eckardt and Egidijus Anisimovas},
	year         = 2015,
	month        = {sep},
	journal      = {New. J. Phys.},
	publisher    = {{IOP} Publishing},
	volume       = 17,
	number       = 9,
	pages        = {093039},
}
@book{Epstein1999,
	title        = {{                            An Introduction to Nonlinear Chemical Dynamics: Oscillations, Waves, Patterns, and Chaos                          }},
	author       = {Epstein, Irving R. and Pojman, John A.},
	year         = 1998,
	publisher    = {Oxford University Press},
	isbn         = 9780195096705
}
@book{Ewins2000,
	title        = {{Modal Testing: Theory, Practice and Application (Mechanical Engineering Research Studies: Engineering Dynamics Series)}},
	author       = {Ewins, D. J.},
	year         = 2000,
	publisher    = {Wiley},
	isbn         = {978-0-863-80218-8}
}
@book{Falkovich2011,
	title        = {{Fluid mechanics: A short course for physicists}},
	author       = {Falkovich, Gregory},
	year         = 2011,
	booktitle    = {Fluid Mech. A Short Course Phys.},
	publisher    = {Cambridge University Press},
	isbn         = 9780511794353
}
@book{Fallis2003,
	title        = {{Nonlinear microwave and RF circuits}},
	author       = {Fallis, A.G and Maas, Stephen A},
	year         = 2003,
	publisher    = {Artech House},
	isbn         = {978-1580534840}
}
@book{Gardiner2004,
	title        = {{Quantum noise: a handbook of Markovian and non-Markovian quantum stochastic methods with applications to quantum optics}},
	author       = {Gardiner, C W and Zoller, P},
	year         = 2004,
	publisher    = {Springer},
	isbn         = {978-3-540-22301-6}
}
@article{Genesio1992,
	title        = {Harmonic balance methods for the analysis of chaotic dynamics in nonlinear systems},
	author       = {R. Genesio and A. Tesi},
	year         = 1992,
	journal      = {Automatica},
	volume       = 28,
	number       = 3,
	pages        = {531--548},
	issn         = {0005-1098},
}
@article{Goldman_2014,
	title        = {Periodically Driven Quantum Systems: Effective Hamiltonians and Engineered Gauge Fields},
	author       = {Goldman, N. and Dalibard, J.},
	year         = 2014,
	month        = {Aug},
	journal      = {Phys. Rev. X},
	publisher    = {American Physical Society},
	volume       = 4,
	pages        = {031027},
	issue        = 3,
	numpages     = 29
}

@article{Cleland_2005,
	doi = {10.1088/1367-2630/7/1/235},
	url = {https://doi.org/10.1088/1367-2630/7/1/235},
	year = 2005,
	month = {nov},
	publisher = {{IOP} Publishing},
	volume = {7},
	pages = {235--235},
	author = {A N Cleland},
	title = {Thermomechanical noise limits on parametric sensing with nanomechanical resonators},
	journal = {New. J. Phys.},
}

@book{Cleland,
	title = {Foundations of Nanomechanics},
	year = {2003},
	author = {Cleland, A. N.},
	publisher = {Springer}
}

@book{griffin1996bose,
	title        = {Bose-Einstein condensation},
	author       = {Griffin, Allan and Snoke, David W and Stringari, Sandro},
	year         = 1996,
	publisher    = {Cambridge University Press},
	isbn         = 9780511524240
}
@book{Guckenheimer_Holmes,
	title        = {Nonlinear oscillations, dynamical systems, and bifurcations of vector fields},
	author       = {Guckenheimer, John and Holmes, Philip},
	year         = 2013,
	publisher    = {Springer},
	isbn         = {978-0-387-90819-9}
}
@proceedings{Guskov_2007,
	title        = {{Multi-Dimensional Harmonic Balance Applied to Rotor Dynamics}},
	author       = {Guskov, Mikhail and Sinou, Jean-Jacques and Thouverez, Fabrice},
	year         = 2007,
	month        = {09},
	series       = {International Design Engineering Technical Conferences and Computers and Information in Engineering Conference},
	volume       = {Volume 1: 21st Biennial Conference on Mechanical Vibration and Noise, Parts A, B, and C},
	pages        = {1243--1249},
}
@article{Haken1975,
	title        = {{Cooperative phenomena in systems far from thermal equilibrium and in nonphysical systems}},
	author       = {Haken, H.},
	year         = 1975,
	journal      = {Rev. Mod. Phys.},
	issn         = {00346861}
}
@book{hofbauer1998evolutionary,
	title        = {Evolutionary games and population dynamics},
	author       = {Hofbauer, Josef and Sigmund, Karl and others},
	year         = 1998,
	publisher    = {Cambridge University Press},
	isbn         = 9781139173179
}
@misc{halbach2017sparselizard,
	title        = {Sparselizard-the user friendly finite element c++ library},
	author       = {Halbach, Alexandre},
	year         = 2017,
}
@techreport{verley2018xyce,
	title        = {Xyce: Open Source Simulation for Large-Scale Circuits.},
	author       = {Verley, Jason and Keiter, Eric R and Thornquist, Heidi K},
	year         = 2018,
	institution  = {Sandia National Lab.(SNL-NM), Albuquerque, NM (United States)}
}
@article{Huber_2020,
	title        = {Spectral Evidence of Squeezing of a Weakly Damped Driven Nanomechanical Mode},
	author       = {Huber, J. S. and Rastelli, G. and Seitner, M. J. and K\"olbl, J. and Belzig, W. and Dykman, M. I. and Weig, E. M.},
	year         = 2020,
	month        = {Jun},
	journal      = {Phys. Rev. X},
	publisher    = {American Physical Society},
	volume       = 10,
	pages        = {021066},
	issue        = 2,
	numpages     = 11
}
@article{Huber1995,
	title        = {{A Polyhedral Method for Solving Sparse Polynomial Systems}},
	author       = {Huber, Birkett and Sturmfels, Bernd},
	year         = 1995,
	journal      = {Math. Comput.},
	issn         = {00255718}
}
@article{Kerschen2006,
	title        = {{Past, present and future of nonlinear system identification in structural dynamics}},
	author       = {Kerschen, Ga{\"{e}}tan and Worden, Keith and Vakakis, Alexander F. and Golinval, Jean Claude},
	year         = 2006,
	journal      = {Mech. Syst. Signal Process.},
	issn         = 10961216
}
@article{Kirton2019,
	title        = {Introduction to the Dicke Model: From Equilibrium to Nonequilibrium, and Vice Versa},
	author       = {Kirton, Peter and Roses, Mor M. and Keeling, Jonathan and Dalla Torre, Emanuele G.},
	year         = 2019,
	journal      = {Advanced Quantum Technologies},
	volume       = 2,
	number       = {1-2},
	pages        = 1800043,
	keywords     = {Dicke model, nonequilibrium, phase transitions, quantum optics, superradiance}
}
@book{Krack_2019,
	title        = {Harmonic balance for nonlinear vibration problems},
	author       = {Krack, Malte and Gross, Johann},
	year         = 2019,
	publisher    = {Springer},
	isbn         = {978-3-030-14022-9}
}
@article{Leuch_2016,
	title        = {Parametric Symmetry Breaking in a Nonlinear Resonator},
	author       = {Leuch, Anina and Papariello, Luca and Zilberberg, Oded and Degen, Christian L. and Chitra, R. and Eichler, Alexander},
	year         = 2016,
	month        = {Nov},
	journal      = {Phys. Rev. Lett.},
	publisher    = {American Physical Society},
	volume       = 117,
	pages        = 214101,
	issue        = 21,
	numpages     = 5
}
@article{Papariello_2016,
	title        = {{Ultrasensitive hysteretic force sensing with parametric nonlinear oscillators}},
	author       = {Papariello, Luca and Zilberberg, Oded and Eichler, Alexander and Chitra, R.},
	year         = 2016,
	month        = {aug},
	journal      = {Phys. Rev. E},
	volume       = 94,
	number       = 2,
	pages        = {022201},
	issn         = {2470-0045},
	archiveprefix = {arXiv},
	arxivid      = {1603.07774},
	eprint       = {1603.07774}
}
@inbook{Lifshitz_2008,
	title        = {Nonlinear Dynamics of Nanomechanical and Micromechanical Resonators},
	author       = {Lifshitz, Ron and Cross, M. C.},
	year         = 2008,
	booktitle    = {Reviews of Nonlinear Dynamics and Complexity},
	publisher    = {John Wiley \& Sons, Ltd},
	pages        = {1--52},
	isbn         = 9783527626359,
	chapter      = 1
}
@book{Landau_Lifshitz_1,
	title        = {Mechanics},
	author       = {Landau, L.D. and Lifshitz, E.M.},
	year         = 1976,
	series       = {Butterworth-Heinemann},
	lccn         = 76018997
}

@book{Landau_Lifshitz_7,
	title        = {Theory of elasticity},
	author       = {Landau, L.D. and Lifshitz, E.M.},
	year         = 1984,
	series       = {Butterworth-Heinemann},
}


@book{Ugural,
	title        = {Plates and shells : theory and analysis},
	author       = {Ugural, A.C.},
	year         = 2018,
	edition = 	 "4th ed.",
	series       = {CRC Press},
}


@article{Soriente2021,
	title        = {Distinctive class of dissipation-induced phase transitions and their universal characteristics},
	author       = {Soriente, Matteo and Heugel, Toni L. and Arimitsu, Keita and Chitra, R. and Zilberberg, Oded},
	year         = 2021,
	month        = {May},
	journal      = {Phys. Rev. Research},
	publisher    = {American Physical Society},
	volume       = 3,
	pages        = {023100},
	ids          = {Soriente_2021},
	issue        = 2,
	numpages     = 19
}
@article{Luo_2012,
	title        = {Approximate solutions of periodic motions in nonlinear systems via a generalized harmonic balance},
	author       = {Albert CJ Luo and Jianzhe Huang},
	year         = 2012,
	journal      = {Journal of Vibration and Control},
	volume       = 18,
	number       = 11,
	pages        = {1661--1674},
}
@article{Mikami_2016,
	title        = {Brillouin-Wigner theory for high-frequency expansion in periodically driven systems: Application to Floquet topological insulators},
	author       = {Mikami, Takahiro and Kitamura, Sota and Yasuda, Kenji and Tsuji, Naoto and Oka, Takashi and Aoki, Hideo},
	year         = 2016,
	month        = {Apr},
	journal      = {Phys. Rev. B},
	publisher    = {American Physical Society},
	volume       = 93,
	pages        = 144307,
	issue        = 14,
	numpages     = 25
}
@article{Mohammadi2020,
	title        = {On the effect of linear feedback and parametric pumping on a resonator's frequency stability},
	author       = {Zohreh Mohammadi and Toni L Heugel and James M L Miller and Dongsuk D Shin and Hyun-Keun Kwon and Thomas W Kenny and Ramasubramanian Chitra and Oded Zilberberg and Luis Guillermo Villanueva},
	year         = 2020,
	month        = {sep},
	journal      = {New. J. Phys.},
	publisher    = {{IOP} Publishing},
	volume       = 22,
	number       = 9,
	pages        = {093049},
}
@book{Nayfeh_2008,
	title        = {Perturbation methods},
	author       = {Nayfeh, Ali H},
	year         = 2000,
	publisher    = {John Wiley \& Sons},
	isbn         = 9783527617609
}
@article{Pelka2020,
	title        = {Chimera states in small optomechanical arrays},
	author       = {Pelka, Karl and Peano, Vittorio and Xuereb, Andr\'e},
	year         = 2020,
	month        = {Feb},
	journal      = {Phys. Rev. Research},
	publisher    = {American Physical Society},
	volume       = 2,
	pages        = {013201},
	issue        = 1,
	numpages     = 8
}
@misc{peters2021limit,
	title        = {Limit Cycles and Chaos Induced by a Nonlinearity with Memory},
	author       = {K. J. H. Peters and S. R. K. Rodriguez},
	howpublished = {\href{https://arxiv.org/abs/2108.02680}{arXiv:2108.02680}}
}

@misc{Ochs_2022,
	title        = {Frequency comb from a single driven nonlinear nanomechanical mode},
	author       = {Ochs, J.S. and Boness, D. K. J. and Rastelli, G. and Seitner, M. and Belzig, W. and Dykman, M. I. and Weig, E. M.},
	howpublished = {\href{https://arxiv.org/abs/2207.04030}{ 	arXiv:2207.04030}}
}

@article{Poot2012,
	title        = {Mechanical systems in the quantum regime},
	author       = {Menno Poot and Herre S.J. {van der Zant}},
	year         = 2012,
	journal      = {Physics Reports},
	volume       = 511,
	number       = 5,
	pages        = {273--335},
	issn         = {0370-1573},
}
@misc{Rand_2005,
	title        = {Lecture Notes on Nonlinear Vibrations},
	author       = {Rand, Richard H.},
	year         = 2005,
	howpublished = {\url{http://audiophile.tam.cornell.edu/randdocs/nlvibe52.pdf}}
}
@book{Richards,
	title        = {Analysis of periodically time-varying systems},
	author       = {Richards, John A},
	year         = 1983,
	publisher    = {Springer},
	isbn         = 9783540116899
}
@article{Rodriguez2016,
	title        = {{Interaction-induced hopping phase in driven-dissipative coupled photonic microcavities}},
	author       = {Rodriguez, S. R.K. and Amo, A. and Sagnes, I. and {Le Gratiet}, L. and Galopin, E. and Lema{\^{i}}tre, A. and Bloch, J.},
	year         = 2016,
	journal      = {Nat. Commun.},
	volume       = 7,
	pages        = 11887,
}
@article{Roque2020,
	title        = {{Nonlinear dynamics of weakly dissipative optomechanical systems}},
	author       = {Roque, Thales Figueiredo and Marquardt, Florian and Yevtushenko, Oleg M.},
	year         = 2020,
	journal      = {New J. Phys.},
	issn         = 13672630,
	keywords     = {attractors,chaos,nonlinear dynamics,optomechanical systems}
}
@article{Rudner_2020,
	title        = {{Band structure engineering and non-equilibrium dynamics in Floquet topological insulators}},
	author       = {Rudner, Mark S. and Lindner, Netanel H.},
	year         = 2020,
	month        = {may},
	journal      = {Nat. Rev. Phys.},
	volume       = 2,
	number       = 5,
	pages        = {229--244},
	issn         = {2522-5820},
}
@article{Sarrouy_2011,
	title        = {Non-Linear Periodic and Quasi-Periodic Vibrations in Mechanical Systems - On the use of the Harmonic Balance Methods},
	author       = {Sarrouy, Emmanuelle and Sinou, Jean-Jacques},
	year         = 2011,
	journal      = {Advances in Vibration Analysis Research},
	publisher    = {InTech Rijeka, Croatia},
	volume       = 21,
	pages        = {419--34},
}
@book{Sommese2005,
	title        = {{The Numerical Solution of Systems of Polynomials Arising in Engineering and Science}},
	author       = {Sommese, Andrew J. and Wampler, Charles W.},
	year         = 2005,
	month        = {mar},
	publisher    = {World Scientific},
	isbn         = {978-981-256-184-8},
}
@article{Soriente2018,
	title        = {Dissipation-Induced Anomalous Multicritical Phenomena},
	author       = {Soriente, M. and Donner, T. and Chitra, R. and Zilberberg, O.},
	year         = 2018,
	month        = {May},
	journal      = {Phys. Rev. Lett.},
	publisher    = {American Physical Society},
	volume       = 120,
	pages        = 183603,
	issue        = 18,
	numpages     = 5
}
@article{Sounas2018,
	title        = {{Broadband passive isolators based on coupled nonlinear resonances}},
	author       = {Sounas, Dimitrios L. and Soric, Jason and Al{\`{u}}, Andrea},
	year         = 2018,
	journal      = {Nat. Electron.},
	volume       = 1,
	pages        = {113--119},
	issn         = 25201131
}
@book{Strogatz,
	title        = {{Nonlinear Dynamics and Chaos: With Applications to Physics, Biology, Chemistry, and Engineering}},
	author       = {Strogatz, Steven},
	year         = 2015,
	publisher    = {CRC Press},
	isbn         = 9780429492563
}
@book{sturmfels2002solving,
	title        = {Solving systems of polynomial equations},
	author       = {Sturmfels, Bernd},
	year         = 2002,
	publisher    = {American Mathematical Soc.},
	number       = 97,
	isbn         = {978-0-8218-3251-6}
}
@phdthesis{timme2021numerical,
	title        = {Numerical nonlinear algebra},
	author       = {Timme, Sascha},
	year         = 2021,
	school       = {Technische Universit\"{a}t Berlin (Germany)}
}
@article{Verschelde_1999,
	title        = {Algorithm 795: PHCpack: A general-purpose solver for polynomial systems by homotopy continuation},
	author       = {Verschelde, Jan},
	year         = 1999,
	journal      = {ACM Trans. Math. Softw.},
	publisher    = {ACM New York, NY, USA},
	volume       = 25,
	number       = 2,
	pages        = {251--276},
}
@book{vibrations1950jj,
	title        = {Nonlinear Vibrations in Mechanical and Electrical Systems},
	author       = {Stoker, James J.},
	year         = 1950,
	publisher    = {Interscience}
}
@article{Wang2013,
	title        = {Coherent Ising machine based on degenerate optical parametric oscillators},
	author       = {Wang, Zhe and Marandi, Alireza and Wen, Kai and Byer, Robert L. and Yamamoto, Yoshihisa},
	year         = 2013,
	month        = {Dec},
	journal      = {Phys. Rev. A},
	publisher    = {American Physical Society},
	volume       = 88,
	pages        = {063853},
	issue        = 6,
	numpages     = 9
}
@article{Yang_2021a,
	title        = {{Persistent Response in an Ultrastrongly Driven Mechanical Membrane Resonator}},
	author       = {Yang, Fan and Hellbach, Felicitas and Rochau, Felix and Belzig, Wolfgang and Weig, Eva M. and Rastelli, Gianluca and Scheer, Elke},
	year         = 2021,
	month        = {jul},
	journal      = {Phys. Rev. Lett.},
	volume       = 127,
	number       = 1,
	pages        = {014304},
	issn         = {0031-9007},
	abstract     = {We study experimentally and theoretically the phenomenon of "persistent response"in ultrastrongly driven membrane resonators. The term persistent response denotes the development of a vibrating state with nearly constant amplitude over an extreme wide frequency range. We reveal the underlying mechanism by directly imaging the vibrational state using advanced optical interferometry. We argue that this state is related to the nonlinear interaction between higher-order flexural modes and higher-order overtones of the driven mode. Finally, we propose a stability diagram for the different vibrational states that the membrane can adopt.},
	archiveprefix = {arXiv},
	arxivid      = {2003.14207},
	eprint       = {2003.14207},
	pmid         = 34270281
}
@article{Yang_2021b,
	title        = {Mechanically Modulated Sideband and Squeezing Effects of Membrane Resonators},
	author       = {Yang, Fan and Fu, Mengqi and Bosnjak, Bojan and Blick, Robert H. and Jiang, Yuxuan and Scheer, Elke},
	year         = 2021,
	month        = {Oct},
	journal      = {Phys. Rev. Lett.},
	publisher    = {American Physical Society},
	volume       = 127,
	pages        = 184301,
	issue        = 18,
	numpages     = 6
}
@article{Zambon_2020,
	title        = {Parametric instability in coupled nonlinear microcavities},
	author       = {Carlon Zambon, N. and Rodriguez, S. R. K. and Lema{\^{i}}tre, A. and Harouri, A. and Le Gratiet, L. and Sagnes, I. and St-Jean, P. and Ravets, S. and Amo, A. and Bloch, J.},
	year         = 2020,
	month        = {Aug},
	journal      = {Phys. Rev. A},
	publisher    = {American Physical Society},
	volume       = 102,
	pages        = {023526},
	issue        = 2,
	numpages     = 8
}
@book{Cox_2013,
	title        = {Ideals, varieties, and algorithms: an introduction to computational algebraic geometry and commutative algebra},
	author       = {Cox, David and Little, John and O'Shea, Donal},
	year         = 2013,
	publisher    = {Springer},
	isbn         = {978-3-319-16720-6},
	page         = 422
}
@misc{Margiani2021,
	title        = {Fluctuating Trajectories and Switching Rates of a Synthetic Two-Level System},
	author       = {Gabriel Margiani and Sebastian Guerrero and Toni L. Heugel and Christian Marty and Raphael Pachlatko and Thomas Gisler and Gabrielle D. Vukasin and Hyun-Keun Kwon and James ML. Miller and Nicholas E. Bousse and Thomas W. Kenny and Oded Zilberberg and Deividas Sabonis and Alexander Eichler},
	howpublished = {\href{https://arxiv.org/abs/2112.03357}{arXiv:2112.03357}}
}
@article{2019PhRvL.123y4102F,
	title        = {Rapid Flipping of Parametric Phase States},
	author       = {Frimmer, Martin and Heugel, Toni L. and Nosan, {\v Z}. and Tebbenjohanns, Felix and H\"alg, David and Akin, Abdulkadir and Degen, Christian L. and Novotny, Lukas and Chitra, R. and Zilberberg, Oded and Eichler, Alexander},
	year         = 2019,
	month        = {Dec},
	journal      = {Phys. Rev. Lett.},
	publisher    = {American Physical Society},
	volume       = 123,
	pages        = 254102,
	issue        = 25,
	numpages     = 6
}

@article{Ning_1992a,
	title = {Geometrical phase and amplitude accumulations in dissipative systems with cyclic attractors},
	author = {Ning, C. Z. and Haken, H.},
	journal = {Phys. Rev. Lett.},
	volume = {68},
	issue = {14},
	pages = {2109--2112},
	numpages = {0},
	year = {1992},
	month = {Apr},
	publisher = {American Physical Society},
	doi = {10.1103/PhysRevLett.68.2109},
	url = {https://link.aps.org/doi/10.1103/PhysRevLett.68.2109}
}

@article{Ning_1992b,
	author = {Ning, C. Z. and Haken, H.},
	title = {The geometric phase in nonlinear dissipative systems},
	journal = {Mod. Phys. Lett. B},
	volume = {06},
	number = {25},
	pages = {1541-1568},
	year = {1992},
	doi = {10.1142/S0217984992001265},
}

@article{Arndt_2022,
	title = {Period Tripling due to Parametric Down-Conversion in Circuit QED},
	author = {Arndt, Lisa and Hassler, Fabian},
	journal = {Phys. Rev. Lett.},
	volume = {128},
	issue = {18},
	pages = {187701},
	numpages = {6},
	year = {2022},
	month = {May},
	publisher = {American Physical Society},
	doi = {10.1103/PhysRevLett.128.187701},
	url = {https://link.aps.org/doi/10.1103/PhysRevLett.128.187701}
}

@article{Qian_2018,
	title = {Topology of the valley-Chern effect},
	author = {Qian, Kai and Apigo, David J. and Prodan, Camelia and Barlas, Yafis and Prodan, Emil},
	journal = {Phys. Rev. B},
	volume = {98},
	issue = {15},
	pages = {155138},
	numpages = {15},
	year = {2018},
	month = {Oct},
	publisher = {American Physical Society},
	doi = {10.1103/PhysRevB.98.155138},
	url = {https://link.aps.org/doi/10.1103/PhysRevB.98.155138}
}


@article{Wu_Hu_2015, title={Scheme for Achieving a Topological Photonic Crystal by Using Dielectric Material}, volume={114}, ISSN={0031-9007, 1079-7114}, DOI={10.1103/PhysRevLett.114.223901}, number={22}, journal={Phys. Rev. Lett.}, author={Wu, Long-Hua and Hu, Xiao}, year={2015}, month={Jun}, pages={223901} }

@article{Saba_2020, title={Nature of topological protection in photonic spin and valley Hall insulators}, volume={101}, ISSN={2469-9950, 2469-9969}, DOI={10.1103/PhysRevB.101.054307}, number={5}, journal={Phys. Rev. B}, author={Saba, Matthias and Wong, Stephan and Elman, Mathew and Oh, Sang Soon and Hess, Ortwin}, year={2020}, month={Feb}, pages={054307} }

@article{Saba_2017, title={Group Theoretical Route to Deterministic Weyl Points in Chiral Photonic Lattices}, volume={119}, ISSN={0031-9007, 1079-7114}, DOI={10.1103/PhysRevLett.119.227401}, number={22}, journal={Phys. Rev. Lett.}, author={Saba, Matthias and Hamm, Joachim M. and Baumberg, Jeremy J. and Hess, Ortwin}, year={2017}, month={Nov}, pages={227401} }

@article{Petrides_2020, title={Higher-order topological insulators, topological pumps and the quantum Hall effect in high dimensions}, volume={2}, ISSN={2643-1564}, DOI={10.1103/PhysRevResearch.2.022049}, number={2}, journal={Phys. Rev. Research}, author={Petrides, Ioannis and Zilberberg, Oded}, year={2020}, month={Jun}, pages={022049(R)} }

@article{Benalcazar_2017a, title={Electric multipole moments, topological multipole moment pumping, and chiral hinge states in crystalline insulators}, volume={96}, ISSN={2469-9950, 2469-9969}, DOI={10.1103/PhysRevB.96.245115}, number={24}, journal={Phys. Rev. B}, author={Benalcazar, Wladimir A. and Bernevig, B. Andrei and Hughes, Taylor L.}, year={2017}, month={Dec}, pages={245115} }

@article{Benalcazar_2017b, title={Quantized electric multipole insulators}, volume={357}, ISSN={0036-8075, 1095-9203}, DOI={10.1126/science.aah6442}, number={6346}, journal={Science}, author={Benalcazar, Wladimir A. and Bernevig, B. Andrei and Hughes, Taylor L.}, year={2017}, month={Jul}, pages={61–66} }

@article{Kane_Mele_2005, title={Quantum Spin Hall Effect in Graphene}, volume={95}, ISSN={0031-9007, 1079-7114}, DOI={10.1103/PhysRevLett.95.226801}, number={22}, journal={Phys. Rev. Lett.}, author={Kane, C. L. and Mele, E. J.}, year={2005}, month={Nov}, pages={226801} }

@article{Bernevig_2006, title={Quantum Spin Hall Effect and Topological Phase Transition in HgTe Quantum Wells}, volume={314}, ISSN={0036-8075, 1095-9203}, DOI={10.1126/science.1133734}, number={5806}, journal={Science}, author={Bernevig, B. A. and Hughes, T. L. and Zhang, S.-C.}, year={2006}, month={Dec}, pages={1757–1761} }

@article{Fan_2019, title={Elastic Higher-Order Topological Insulator with Topologically Protected Corner States}, volume={122}, ISSN={0031-9007, 1079-7114}, DOI={10.1103/PhysRevLett.122.204301}, number={20}, journal={Phys. Rev. Lett.}, author={Fan, Haiyan and Xia, Baizhan and Tong, Liang and Zheng, Shengjie and Yu, Dejie}, year={2019}, month={May}, pages={204301} }

@article{Xue_2019, title={Acoustic higher-order topological insulator on a kagome lattice}, volume={18}, ISSN={1476-1122, 1476-4660}, DOI={10.1038/s41563-018-0251-x}, number={2}, journal={Nat. Mater.}, author={Xue, Haoran and Yang, Yahui and Gao, Fei and Chong, Yidong and Zhang, Baile}, year={2019}, month={Feb}, pages={108–112} }

@article{Serra-Garcia_2018, title={Observation of a phononic quadrupole topological insulator}, volume={555}, ISSN={0028-0836, 1476-4687}, DOI={10.1038/nature25156}, number={7696}, journal={Nature}, author={Serra-Garcia, Marc and Peri, Valerio and Süsstrunk, Roman and Bilal, Osama R. and Larsen, Tom and Villanueva, Luis Guillermo and Huber, Sebastian D.}, year={2018}, month={Mar}, pages={342–345} }

@article{Zeng_2020, title={Electrically pumped topological laser with valley edge modes}, volume={578}, ISSN={0028-0836, 1476-4687}, DOI={10.1038/s41586-020-1981-x}, number={7794}, journal={Nature}, author={Zeng, Yongquan and Chattopadhyay, Udvas and Zhu, Bofeng and Qiang, Bo and Li, Jinghao and Jin, Yuhao and Li, Lianhe and Davies, Alexander Giles and Linfield, Edmund Harold and Zhang, Baile and et al.}, year={2020}, month={Feb}, pages={246–250} }


@article{Gong_2020, title={Topological Insulator Laser Using Valley-Hall Photonic Crystals}, volume={7}, ISSN={2330-4022, 2330-4022}, DOI={10.1021/acsphotonics.0c00521}, number={8}, journal={ACS Photonics}, author={Gong, Yongkang and Wong, Stephan and Bennett, Anthony J. and Huffaker, Diana L. and Oh, Sang Soon}, year={2020}, month={Aug}, pages={2089–2097} }


@article{Imhof_2018, title={Topolectrical-circuit realization of topological corner modes}, volume={14}, ISSN={1745-2473, 1745-2481}, DOI={10.1038/s41567-018-0246-1}, number={9}, journal={Nat. Phys.}, author={Imhof, Stefan and Berger, Christian and Bayer, Florian and Brehm, Johannes and Molenkamp, Laurens W. and Kiessling, Tobias and Schindler, Frank and Lee, Ching Hua and Greiter, Martin and Neupert, Titus and et al.}, year={2018}, month={Sep}, pages={925–929} }

@article{El_Hassan_2019, title={Corner states of light in photonic waveguides}, volume={13}, ISSN={1749-4885, 1749-4893}, DOI={10.1038/s41566-019-0519-y}, number={10}, journal={Nat. Photonics}, author={El Hassan, Ashraf and Kunst, Flore K. and Moritz, Alexander and Andler, Guillermo and Bergholtz, Emil J. and Bourennane, Mohamed}, year={2019}, month={Oct}, pages={697–700} }

@article{Chen_2019b, title={Direct Observation of Corner States in Second-Order Topological Photonic Crystal Slabs}, volume={122}, ISSN={0031-9007, 1079-7114}, DOI={10.1103/PhysRevLett.122.233902}, number={23}, journal={Phys. Rev. Lett.}, author={Chen, Xiao-Dong and Deng, Wei-Min and Shi, Fu-Long and Zhao, Fu-Li and Chen, Min and Dong, Jian-Wen}, year={2019}, month={Jun}, pages={233902} }

@article{Noh_2018, title={Topological protection of photonic mid-gap defect modes}, volume={12}, ISSN={1749-4885, 1749-4893}, DOI={10.1038/s41566-018-0179-3}, number={7}, journal={Nat. Photonics}, author={Noh, Jiho and Benalcazar, Wladimir A. and Huang, Sheng and Collins, Matthew J. and Chen, Kevin P. and Hughes, Taylor L. and Rechtsman, Mikael C.}, year={2018}, month={Jul}, pages={408–415} }

	@article{Li_2020, title={Higher-order topological states in photonic kagome crystals with long-range interactions}, volume={14}, ISSN={1749-4885, 1749-4893}, DOI={10.1038/s41566-019-0561-9}, number={2}, journal={Nat. Photonics}, author={Li, Mengyao and Zhirihin, Dmitry and Gorlach, Maxim and Ni, Xiang and Filonov, Dmitry and Slobozhanyuk, Alexey and Alù, Andrea and Khanikaev, Alexander B.}, year={2020}, month={Feb}, pages={89–94} }

@article{Ozawa_2019,  title = {Topological photonics},  author = {Ozawa, Tomoki and Price, Hannah M. and Amo, Alberto and Goldman, Nathan and Hafezi, Mohammad and Lu, Ling and Rechtsman, Mikael C. and Schuster, David and Simon, Jonathan and Zilberberg, Oded and Carusotto, Iacopo},  journal = {Rev. Mod. Phys.},  volume = {91},  issue = {1},  pages = {015006},  numpages = {76},  year = {2019},  month = {Mar},  publisher = {American Physical Society},  doi = {10.1103/RevModPhys.91.015006},  url = {https://link.aps.org/doi/10.1103/RevModPhys.91.015006}
}

@article{Rechtsman_2013,  title={Photonic Floquet topological insulators},  author={Rechtsman, Mikael C and Zeuner, Julia M and Plotnik, Yonatan and Lumer, Yaakov and Podolsky, Daniel and Dreisow, Felix and Nolte, Stefan and Segev, Mordechai and Szameit, Alexander},  journal={Nature},  volume={496},  number={7444},  pages={196--200},  year={2013},  publisher={Nature Publishing Group}, doi={10.1038/nature12066}
}

@article{Schindler_2018,  title={Higher-order topological insulators},  author={Schindler, Frank and Cook, Ashley M and Vergniory, Maia G and Wang, Zhijun and Parkin, Stuart SP and Bernevig, B Andrei and Neupert, Titus},  journal={Sci. Adv.},  volume={4},  number={6},  pages={918-924},  year={2018},  publisher={American Association for the Advancement of Science}, doi={10.1126/sciadv.aat0346}
}


@article{Hafezi_2013,  title={Imaging topological edge states in silicon photonics},  author={Hafezi, Mohammad and Mittal, S and Fan, J and Migdall, A and Taylor, JM},  journal={Nat. Photonics},  volume={7},  number={12},  pages={1001--1005},  year={2013},  publisher={Nature Publishing Group}, DOI={10.1038/nphoton.2013.274}
}

@book{Bernevig_2013,
	url = {https://doi.org/10.1515/9781400846733},
	title = {Topological Insulators and Topological Superconductors},
	author = {B. Andrei Bernevig},
	publisher = {Princeton University Press},
	address = {Princeton},
	doi = {doi:10.1515/9781400846733},
	isbn = {9781400846733},
	year = {2013},
}

@article{Li_2018,
	title={Topological light-trapping on a dislocation},
	author={Li, Fei-Fei and Wang, Hai-Xiao and Xiong, Zhan and Lou, Qun and Chen, Ping and Wu, Rui-Xin and Poo, Yin and Jiang, Jian-Hua and John, Sajeev},  journal={Nat. Commun.},  volume={9},  number={1},  pages={1--8},  year={2018},  publisher={Nature Publishing Group}, doi={10.1038/s41467-018-04861-x}
}


@article{Suesstrunk_2015, title={Observation of phononic helical edge states in a mechanical topological insulator}, volume={349}, ISSN={0036-8075, 1095-9203}, DOI={10.1126/science.aab0239}, number={6243}, journal={Science}, author={Süsstrunk, Roman and Huber, Sebastian D.}, year={2015}, month={Jul}, pages={47–50} }

@article{Huber_2016,  title={Topological mechanics},  author={Huber, Sebastian D},  journal={Nat. Phys.},  volume={12},  number={7},  pages={621--623},  year={2016},  publisher={Nature Publishing Group}, doi={10.1126/science.aab0239}
}

@article{Mousavi_2015, title={Topologically protected elastic waves in phononic metamaterials}, volume={6}, ISSN={2041-1723}, DOI={10.1038/ncomms9682}, number={1}, journal={Nat. Commun.}, author={Mousavi, S. Hossein and Khanikaev, Alexander B. and Wang, Zheng}, year={2015}, month={Dec}, pages={8682} }



@article{Wong_2020, title={Gapless unidirectional photonic transport using all-dielectric kagome lattices}, volume={2}, ISSN={2643-1564}, DOI={10.1103/PhysRevResearch.2.012011}, number={1}, journal={Phys. Rev. Research}, author={Wong, Stephan and Saba, Matthias and Hess, Ortwin and Oh, Sang Soon}, year={2020}, month={Jan}, pages={012011} }

@article{Chen_2019a, title={Chiral phonons in kagome lattices}, volume={100}, ISSN={2469-9950, 2469-9969}, DOI={10.1103/PhysRevB.100.094303}, number={9}, journal={Phys. Rev. B}, author={Chen, Hao and Wu, Weikang and Yang, Shengyuan A. and Li, Xiao and Zhang, Lifa}, year={2019}, month={Sep}, pages={094303} }


@article{Teo_2010, title={Topological defects and gapless modes in insulators and superconductors}, volume={82}, ISSN={1098-0121, 1550-235X}, DOI={10.1103/PhysRevB.82.115120}, number={11}, journal={Phys. Rev. B}, author={Teo, Jeffrey C. Y. and Kane, C. L.}, year={2010}, month={Sep}, pages={115120} }

@article {Nash_2015,	author = {Nash, Lisa M. and Kleckner, Dustin and Read, Alismari and Vitelli, Vincenzo and Turner, Ari M. and Irvine, William T. M.},	title = {Topological mechanics of gyroscopic metamaterials},	volume = {112},	number = {47},	pages = {14495--14500},	year = {2015},	doi = {10.1073/pnas.1507413112},	publisher = {National Academy of Sciences},	issn = {0027-8424},	URL = {https://www.pnas.org/content/112/47/14495}, journal = {PNAS}
}

@article{Klembt_2018,  title={Exciton-polariton topological insulator},  author={Klembt, S and Harder, TH and Egorov, OA and Winkler, K and Ge, R and Bandres, MA and Emmerling, M and Worschech, L and Liew, TCH and Segev, M and others},  journal={Nature},  volume={562},  number={7728},  pages={552--556},  year={2018},  publisher={Nature Publishing Group}, doi={10.1038/s41586-018-0601-5}
}
@article{He_2016,  title={Acoustic topological insulator and robust one-way sound transport},  author={He, Cheng and Ni, Xu and Ge, Hao and Sun, Xiao-Chen and Chen, Yan-Bin and Lu, Ming-Hui and Liu, Xiao-Ping and Chen, Yan-Feng},  journal={Nat. Phys.},  volume={12},  number={12},  pages={1124--1129},  year={2016},  publisher={Nature Publishing Group}, doi={10.1038/nphys3867}
}

@article{Hofmann_2019,  title={Chiral voltage propagation and calibration in a topolectrical Chern circuit},  author={Hofmann, Tobias and Helbig, Tobias and Lee, Ching Hua and Greiter, Martin and Thomale, Ronny},  journal={Phys. Rev. Lett.},  volume={122},  number={24},  pages={247702}, year={2019},  publisher={APS}, DOI={10.1103/PhysRevLett.122.247702}
}

@article{Goldman_2016,  title = {Creating topological interfaces and detecting chiral edge modes in a two-dimensional optical lattice},  author = {Goldman, N. and Jotzu, G. and Messer, M. and G\"org, F. and Desbuquois, R. and Esslinger, T.},  journal = {Phys. Rev. A},  volume = {94},  issue = {4},  pages = {043611},  numpages = {18},  year = {2016},  month = {Oct},  publisher = {American Physical Society},  doi = {10.1103/PhysRevA.94.043611},  url = {https://link.aps.org/doi/10.1103/PhysRevA.94.043611}
}

@article{Cooper_2019,  title = {Topological bands for ultracold atoms},  author = {Cooper, N. R. and Dalibard, J. and Spielman, I. B.},  journal = {Rev. Mod. Phys.},  volume = {91}, issue = {1},  pages = {015005},  numpages = {55},  year = {2019},  month = {Mar},  publisher = {American Physical Society},  doi = {10.1103/RevModPhys.91.015005},  url = {https://link.aps.org/doi/10.1103/RevModPhys.91.015005}
}

@article{Cano_2018, title={Building blocks of topological quantum chemistry: Elementary band representations}, volume={97}, ISSN={2469-9950, 2469-9969}, DOI={10.1103/PhysRevB.97.035139}, number={3}, journal={Phys. Rev. B}, author={Cano, Jennifer and Bradlyn, Barry and Wang, Zhijun and Elcoro, L. and Vergniory, M. G. and Felser, C. and Aroyo, M. I. and Bernevig, B. Andrei}, year={2018}, month={Jan}, pages={035139} }

@article{Bradlyn_2017,  title={Topological quantum chemistry},  author={Bradlyn, Barry and Elcoro, L and Cano, Jennifer and Vergniory, MG and Wang, Zhijun and Felser, C and Aroyo, MI and Bernevig, B Andrei},  journal={Nature},  volume={547},  number={7663},  pages={298--305},  year={2017},  publisher={Nature Publishing Group}, doi={10.1038/nature23268}
}

@article{Smirnova_2020,  title={Nonlinear topological photonics},  author={Smirnova, Daria and Leykam, Daniel and Chong, Yidong and Kivshar, Yuri},  journal={Appl. Phys. Rev.},  volume={7},  number={2},  pages={021306},  year={2020},  publisher={AIP Publishing LLC}, doi={10.1063/1.5142397}
}


@article{Milicevic_2015,  title={Edge states in polariton honeycomb lattices},  author={Mili{\'c}evi{\'c}, M and Ozawa, T and Andreakou, P and Carusotto, I and Jacqmin, T and Galopin, E and Lemaitre, A and Le Gratiet, L and Sagnes, I and Bloch, J},  journal={2D Mater.},  volume={2},  number={3},  pages={034012},  year={2015},  publisher={IOP Publishing}, doi={10.1088/2053-1583/2/3/034012}
}


@article{Gao_2020,  title={Dirac-vortex topological cavities},  author={Gao, Xiaomei and Yang, Lechen and Lin, Hao and Zhang, Lang and Li, Jiafang and Bo, Fang and Wang, Zhong and Lu, Ling},  journal={Nat. Nanotechnol.},  volume={15},  number={12},  pages={1012--1018},  year={2020},  publisher={Nature Publishing Group}, DOI={10.1038/s41565-020-0773-7}
}
@article{Jackiw_1981, title={Zero modes of the vortex-fermion system}, author={Jackiw, R and Rossi, P}, year={1981}, DOI={10.1016/0550-3213(81)90044-4}, journal={Nucl. Phys. B}}}

@book{Bradley_2009,
	title={The mathematical theory of symmetry in solids: representation theory for point groups and space groups},  author={Bradley, Christopher and Cracknell, Arthur},  year={2009},  place={Oxford, England},   publisher={Oxford University Press}
}

@article{Ningyuan_2015,
	title = {Time- and Site-Resolved Dynamics in a Topological Circuit},
	author = {Ningyuan, Jia and Owens, Clai and Sommer, Ariel and Schuster, David and Simon, Jonathan},
	journal = {Phys. Rev. X},
	volume = {5},
	issue = {2},
	pages = {021031},
	numpages = {7},
	year = {2015},
	month = {Jun},
	publisher = {American Physical Society},
	doi = {10.1103/PhysRevX.5.021031},
	url = {https://link.aps.org/doi/10.1103/PhysRevX.5.021031}
}

@article{Kraus_2014,
	title = {Enhanced compressibility due to repulsive interaction in the Harper model},
	author = {Kraus, Yaacov E. and Zilberberg, Oded and Berkovits, Richard},
	journal = {Phys. Rev. B},
	volume = {89},
	issue = {16},
	pages = {161106(R)},
	numpages = {5},
	year = {2014},
	month = {Apr},
	publisher = {American Physical Society},
	doi = {10.1103/PhysRevB.89.161106},
	url = {https://link.aps.org/doi/10.1103/PhysRevB.89.161106}
}


@article{Kraus_2012,
	title = {Topological States and Adiabatic Pumping in Quasicrystals},
	author = {Kraus, Yaacov E. and Lahini, Yoav and Ringel, Zohar and Verbin, Mor and Zilberberg, Oded},
	journal = {Phys. Rev. Lett.},
	volume = {109},
	issue = {10},
	pages = {106402},
	numpages = {5},
	year = {2012},
	month = {Sep},
	publisher = {American Physical Society},
	doi = {10.1103/PhysRevLett.109.106402},
	url = {https://link.aps.org/doi/10.1103/PhysRevLett.109.106402}
}


@article{Hou_2007, title={Electron fractionalization in two-dimensional graphenelike structures}, author={Hou, Chang-Yu and Chamon, Claudio and Mudry, Christopher},  journal={Phys. Rev. Lett.},  volume={98},  number={18},  pages={186809},  year={2007},  publisher={APS}, DOI={10.1103/PhysRevLett.98.186809}}

@article{Ma_2019, title={Topological phases in acoustic and mechanical systems}, volume={1}, ISSN={2522-5820}, DOI={10.1038/s42254-019-0030-x}, number={4}, journal={Nat. Rev. Phys.}, author={Ma, Guancong and Xiao, Meng and Chan, C. T.}, year={2019}, month={Apr}, pages={281–294} }

@article{Chiu_2016,
	title={Classification of topological quantum matter with symmetries},  author={Chiu, Ching-Kai and Teo, Jeffrey C. Y. and Schnyder, Andreas P and Ryu, Shinsei},  journal={Rev. Mod. Phys.},  volume={88},  number={3},  pages={035005},  year={2016},  publisher={APS}, doi={10.1103/RevModPhys.88.035005}
}

@article{Gao_2019,  title={Majorana-like zero modes in Kekul{\'e} distorted sonic lattices},  author={Gao, Penglin and Torrent, Daniel and Cervera, Francisco and San-Jose, Pablo and S{\'a}nchez-Dehesa, Jos{\'e} and Christensen, Johan},  journal={Phys. Rev. Lett.},  volume={123},  number={19},  pages={196601},  year={2019},  publisher={APS}, doi={10.1103/PhysRevLett.123.196601}
}

@article{Xi_2021, title={Observation of chiral edge states in gapped nanomechanical graphene}, volume={7}, ISSN={2375-2548}, DOI={10.1126/sciadv.abe1398}, number={2}, journal={Sci. Adv.}, author={Xi, Xiang and Ma, Jingwen and Wan, Shuai and Dong, Chun-Hua and Sun, Xiankai}, year={2021}, month={Jan}, pages={eabe1398} }

@article{Fukui_2019, title={Dirac fermion model associated with a second-order topological insulator}, volume={99}, ISSN={2469-9950, 2469-9969}, DOI={10.1103/PhysRevB.99.165129}, number={16}, journal={Phys. Rev. B}, author={Fukui, Takahiro}, year={2019}, month={Apr}, pages={165129} }

@article{Jackiw_1976, title={Solitons with fermion number ½}, volume={13}, ISSN={0556-2821}, DOI={10.1103/PhysRevD.13.3398}, number={12}, journal={Phys. Rev. D}, author={Jackiw, R. and Rebbi, C.}, year={1976}, month={Jun}, pages={3398} }

@article{Benalcazar_2019,  title = {Quantization of fractional corner charge in {$C_n$}-symmetric higher-order topological crystalline insulators},
	author = {Benalcazar, Wladimir A. and Li, Tianhe and Hughes, Taylor L.},  journal = {Phys. Rev. B},  volume = {99},  issue = {24},  pages = {245151},
	numpages = {13},  year = {2019},  month = {Jun},  publisher = {American Physical Society},  doi = {10.1103/PhysRevB.99.245151},  url = {https://link.aps.org/doi/10.1103/PhysRevB.99.245151}
}


@article{Yang_2020, title = "Gapped topological kink states and topological corner states in honeycomb lattice", journal = "Sci. Bull.", volume = "65", number = "7", pages = "531 - 537", year = "2020", issn = "2095-9273", doi = "https://doi.org/10.1016/j.scib.2020.01.024", author = "Yuting Yang and Ziyuan Jia and Yijia Wu and Rui-Chun Xiao and Zhi Hong Hang and Hua Jiang and X.C. Xie"}

@article{Lin_2020, title={Dirac-vortex topological photonic crystal fibre}, volume={9}, ISSN={2047-7538}, DOI={10.1038/s41377-020-00432-2}, number={1}, journal={Light Sci. Appl.}, author={Lin, Hao and Lu, Ling}, year={2020}, month={Dec}, pages={202} }

@article{Calugaru_2019, title={Higher-order topological phases: A general principle of construction}, volume={99}, ISSN={2469-9950, 2469-9969}, DOI={10.1103/PhysRevB.99.041301}, number={4}, journal={Phys. Rev. B}, author={Călugăru, Dumitru and Juričić, Vladimir and Roy, Bitan}, year={2019}, month={Jan}, pages={041301(R)} }

@article{Lu_2018, title={Topological one-way fiber of second Chern number}, volume={9}, ISSN={2041-1723}, DOI={10.1038/s41467-018-07817-3}, number={1}, journal={Nat. Commun.}, author={Lu, Ling and Gao, Haozhe and Wang, Zhong}, year={2018}, month={Dec}, pages={5384} }

@article{Qi_2008, title={Topological field theory of time-reversal invariant insulators}, volume={78}, ISSN={1098-0121, 1550-235X}, DOI={10.1103/PhysRevB.78.195424}, number={19}, journal={Phys. Rev. B}, author={Qi, Xiao-Liang and Hughes, Taylor L. and Zhang, Shou-Cheng}, year={2008}, month={Nov}, pages={195424} }

@article{Kane_2005b, title={Z 2 Topological Order and the Quantum Spin Hall Effect}, volume={95}, ISSN={0031-9007, 1079-7114}, DOI={10.1103/PhysRevLett.95.146802}, number={14}, journal={Phys. Rev. Lett.}, author={Kane, C. L. and Mele, E. J.}, year={2005}, month={Sep}, pages={146802} }

@article{Petrides_2018, title = {Six-dimensional quantum Hall effect and three-dimensional topological pumps},  author = {Petrides, Ioannis and Price, Hannah M. and Zilberberg, Oded},  journal = {Phys. Rev. B},  volume = {98},  issue = {12},  pages = {125431},  numpages = {11},  year = {2018},  month = {Sep},  publisher = {American Physical Society},  doi = {10.1103/PhysRevB.98.125431},  url = {https://link.aps.org/doi/10.1103/PhysRevB.98.125431}
}

@article{Zilberberg_2018,  title={Photonic topological boundary pumping as a probe of 4D quantum Hall physics},  author={Zilberberg, Oded and Huang, Sheng and Guglielmon, Jonathan and Wang, Mohan and Chen, Kevin P and Kraus, Yaacov E and Rechtsman, Mikael C},  journal={Nature},  volume={553},  number={7686},  pages={59--62},  year={2018},  publisher={Nature Publishing Group}, doi={10.1038/nature25011}
}
@article{Kraus_2013,  title = {Four-Dimensional Quantum Hall Effect in a Two-Dimensional Quasicrystal},  author = {Kraus, Yaacov E. and Ringel, Zohar and Zilberberg, Oded},  journal = {Phys. Rev. Lett.},  volume = {111},  issue = {22},  pages = {226401},  numpages = {5},  year = {2013},  month = {Nov},  publisher = {American Physical Society},  doi = {10.1103/PhysRevLett.111.226401},  url = {https://link.aps.org/doi/10.1103/PhysRevLett.111.226401}
}

@article{Ma_2016, title={All-Si valley-Hall photonic topological insulator}, volume={18}, ISSN={1367-2630}, DOI={10.1088/1367-2630/18/2/025012}, number={2}, journal={New J. Phys.}, author={Ma, Tzuhsuan and Shvets, Gennady}, year={2016}, month={Feb}, pages={025012} }

@article{Lu_2017, title={Observation of topological valley transport of sound in sonic crystals}, volume={13}, ISSN={1745-2473, 1745-2481}, DOI={10.1038/nphys3999}, number={4}, journal={Nat. Phys.}, author={Lu, Jiuyang and Qiu, Chunyin and Ye, Liping and Fan, Xiying and Ke, Manzhu and Zhang, Fan and Liu, Zhengyou}, year={2017}, month={Apr}, pages={369–374} }


@article{Xiaoxiao_2021, title = {Topological Corner Modes Induced by Dirac Vortices in Arbitrary Geometry},  author = {Wu, Xiaoxiao and Meng, Yan and Hao, Yiran and Zhang, Ruo-Yang and Li, Jensen and Zhang, Xiang},  journal = {Phys. Rev. Lett.},  volume = {126},  issue = {22},  pages = {226802},  numpages = {6},  year = {2021},  month = {Jun}, doi = {10.1103/PhysRevLett.126.226802},  url = {https://link.aps.org/doi/10.1103/PhysRevLett.126.226802}
}


@article{Xie_2018,
	title = {Second-order photonic topological insulator with corner states},
	author = {Xie, Bi-Ye and Wang, Hong-Fei and Wang, Hai-Xiao and Zhu, Xue-Yi and Jiang, Jian-Hua and Lu, Ming-Hui and Chen, Yan-Feng},
	journal = {Phys. Rev. B},
	volume = {98},
	issue = {20},
	pages = {205147},
	numpages = {6},
	year = {2018},
	month = {Nov},
	publisher = {American Physical Society},
	doi = {10.1103/PhysRevB.98.205147},
	url = {https://link.aps.org/doi/10.1103/PhysRevB.98.205147}
}

@article{Zhang_2019,
	title={Second-order topology and multidimensional topological transitions in sonic crystals},
	author={Zhang, Xiujuan and Wang, Hai-Xiao and Lin, Zhi-Kang and Tian, Yuan and Xie, Biye and Lu, Ming-Hui and Chen, Yan-Feng and Jiang, Jian-Hua},
	journal={Nat. Phys.},
	volume={15},
	doi={10.1038/s41567-019-0472-1},
	number={6},
	pages={582--588},
	year={2019},
	publisher={Nature Publishing Group}
}

@article{Zhang_2020,
	title={Symmetry-protected hierarchy of anomalous multipole topological band gaps in nonsymmorphic metacrystals},
	author={Zhang, Xiujuan and Lin, Zhi-Kang and Wang, Hai-Xiao and Xiong, Zhan and Tian, Yuan and Lu, Ming-Hui and Chen, Yan-Feng and Jiang, Jian-Hua},
	journal={Nature communications},
	volume={11},
	number={1},
	pages={1--9},
	doi={0.1038/s41467-019-13861-4},
	year={2020},
	publisher={Nature Publishing Group}
}

@article{Zhou_2020,
	title={Twisted Quadrupole Topological Photonic Crystals},
	author={Zhou, Xiaoxi and Lin, Zhi-Kang and Lu, Weixin and Lai, Yun and Hou, Bo and Jiang, Jian-Hua},
	journal={Laser Photonics Rev.},
	volume={14},
	number={8},
	doi={10.1002/lpor.202070046},
	pages={2070046},
	year={2020},
	publisher={Wiley Online Library}
}

@article{Wang_2008,
	title = {Reflection-Free One-Way Edge Modes in a Gyromagnetic Photonic Crystal},
	author = {Wang, Zheng and Chong, Y. D. and Joannopoulos, John D. and Solja, Marin},
	journal = {Phys. Rev. Lett.},
	volume = {100},
	issue = {1},
	pages = {013905},
	numpages = {4},
	year = {2008},
	month = {Jan},
	publisher = {American Physical Society},
	doi = {10.1103/PhysRevLett.100.013905},
	url = {https://link.aps.org/doi/10.1103/PhysRevLett.100.013905}
}

@article{Joannopoulos_1997,
	title={Photonic crystals: putting a new twist on light},
	author={Joannopoulos, John D and Villeneuve, Pierre R and Fan, Shanhui},
	journal={Nature},
	volume={386},
	number={6621},
	pages={143--149},
	year={1997},
	publisher={Nature Publishing Group}
}


@article{Wang_2009,
	title={Observation of unidirectional backscattering-immune topological electromagnetic states},
	author={Wang, Zheng and Chong, Yidong and Joannopoulos, John D and Solja{\v{c}}i{\'c}, Marin},
	journal={Nature},
	volume={461},
	number={7265},
	pages={772--775},
	year={2009},
	publisher={Nature Publishing Group}
}

@article{Haldane_2008,
	title = {Possible Realization of Directional Optical Waveguides in Photonic Crystals with Broken Time-Reversal Symmetry},
	author = {Haldane, F. D. M. and Raghu, S.},
	journal = {Phys. Rev. Lett.},
	volume = {100},
	issue = {1},
	pages = {013904},
	numpages = {4},
	year = {2008},
	month = {Jan},
	publisher = {American Physical Society},
	doi = {10.1103/PhysRevLett.100.013904},
	url = {https://link.aps.org/doi/10.1103/PhysRevLett.100.013904}
}

@article{Catalini_2021,
	title = {Modeling and Observation of Nonlinear Damping in Dissipation-Diluted Nanomechanical Resonators},
	author = {Catalini, Letizia and Rossi, Massimiliano and Langman, Eric C. and Schliesser, Albert},
	journal = {Phys. Rev. Lett.},
	volume = {126},
	issue = {17},
	pages = {174101},
	numpages = {7},
	year = {2021},
	month = {Apr},
	publisher = {American Physical Society},
	doi = {10.1103/PhysRevLett.126.174101},
	url = {https://link.aps.org/doi/10.1103/PhysRevLett.126.174101}
}

@article{Dykman_1975,
	title={Spectral distribution of nonlinear oscillators with nonlinear friction due to a medium},
	author={Dykman, M.,I. and Krivoglaz, M.A.},
	journal={Phys. Status Solidi B},
	volume={68},
	number={1},
	pages={111--123},
	year={1975},
	publisher={Wiley Online Library}
}


@misc{Bachtold_2022,
	title={Mesoscopic physics of nanomechanical systems}, 
	author={Adrian Bachtold and Joel Moser and M. I. Dykman},
	year={2022},
	howpublished = {\href{https://arxiv.org/abs/2202.01819}{arXiv:2202.01819}}
}

@article{Khasminskii_1966,
	author = {Khas’minskii, R. Z.},
	title = {A Limit Theorem for the Solutions of Differential Equations with Random Right-Hand Sides},
	journal = {Theory Probab.},
	volume = {11},
	number = {3},
	pages = {390-406},
	year = {1966},
	doi = {10.1137/1111038},
}

@article{Roberts_1986,
	title = {Stochastic averaging: An approximate method of solving random vibration problems},
	journal = {Int. J. Nonlinear Mech.},
	volume = {21},
	number = {2},
	pages = {111-134},
	year = {1986},
	issn = {0020-7462},
	doi = {https://doi.org/10.1016/0020-7462(86)90025-9},
	author = {J.B. Roberts and P.D. Spanos},
}

@misc{Toni_thesis,
	title = {Parametrons: From Sensing to Optimization
	Machines},
	author = {Heugel, Toni},
	doi = {10.3929/ethz-b-000543175},
	howpublished = {PhD thesis},
	year = {2022}
}

@article{Atalaya_2016,
	title = {Nonlinear damping and dephasing in nanomechanical systems},
	author = {Atalaya, Juan and Kenny, Thomas W. and Roukes, M. L. and Dykman, M. I.},
	journal = {Phys. Rev. B},
	volume = {94},
	issue = {19},
	pages = {195440},
	numpages = {23},
	year = {2016},
	month = {Nov},
	publisher = {American Physical Society},
	doi = {10.1103/PhysRevB.94.195440},
	url = {https://link.aps.org/doi/10.1103/PhysRevB.94.195440}
}

@inproceedings{Allwright_1977,
	title={Harmonic balance and the Hopf bifurcation},
	author={Allwright, D.J.},
	booktitle={Math. Proc. Camb. Phil. Soc.},
	volume={82},
	number={3},
	pages={453--467},
	year={1977},
	organization={Cambridge University Press}
}

@PREAMBLE{
	"\providecommand{\noopsort}[1]{}" 
	# "\providecommand{\singleletter}[1]{#1}%" 
}

@article{Lugiato_1987,
	title = {Spatial Dissipative Structures in Passive Optical Systems},
	author = {Lugiato, L. A. and Lefever, R.},
	journal = {Phys. Rev. Lett.},
	volume = {58},
	issue = {21},
	pages = {2209--2211},
	numpages = {0},
	year = {1987},
	month = {May},
	publisher = {American Physical Society},
	doi = {10.1103/PhysRevLett.58.2209},
	url = {https://link.aps.org/doi/10.1103/PhysRevLett.58.2209}
}

@article{Aspelmeyer_2014,
	title = {Cavity optomechanics},
	author = {Aspelmeyer, Markus and Kippenberg, Tobias J. and Marquardt, Florian},
	journal = {Rev. Mod. Phys.},
	volume = {86},
	issue = {4},
	pages = {1391--1452},
	numpages = {62},
	year = {2014},
	month = {Dec},
	publisher = {American Physical Society},
	doi = {10.1103/RevModPhys.86.1391},
	url = {https://link.aps.org/doi/10.1103/RevModPhys.86.1391}
}

@book{Walls_Milburn,
	title={Quantum Optics},
	author={Walls, Daniel F and Milburn, Gerard J},
	year={2007},
	publisher={Springer Science \& Business Media}
}

@article{Shore_1993,
	title={{The Jaynes-Cummings model}},
	author={Shore, Bruce W and Knight, Peter L},
	journal={Journal of Modern Optics},
	volume={40},
	number={7},
	pages={1195--1238},
	year={1993},
	publisher={Taylor \& Francis}
}

@article{Kirton_2019,
	title={{Introduction to the Dicke model: From equilibrium to nonequilibrium, and vice versa}},
	author={Kirton, Peter and Roses, Mor M and Keeling, Jonathan and Dalla Torre, Emanuele G},
	journal={Advanced Quantum Technologies},
	volume={2},
	number={1-2},
	pages={1800043},
	year={2019},
	publisher={Wiley Online Library}
}

@article{Irish_2007,
	title = {Generalized Rotating-Wave Approximation for Arbitrarily Large Coupling},
	author = {Irish, E. K.},
	journal = {Phys. Rev. Lett.},
	volume = {99},
	issue = {17},
	pages = {173601},
	numpages = {4},
	year = {2007},
	month = {Oct},
	publisher = {American Physical Society},
	doi = {10.1103/PhysRevLett.99.173601},
	url = {https://link.aps.org/doi/10.1103/PhysRevLett.99.173601}
}

@article{Blais_2021,
	title = {Circuit quantum electrodynamics},
	author = {Blais, Alexandre and Grimsmo, Arne L. and Girvin, S. M. and Wallraff, Andreas},
	journal = {Rev. Mod. Phys.},
	volume = {93},
	issue = {2},
	pages = {025005},
	numpages = {72},
	year = {2021},
	month = {May},
	publisher = {American Physical Society},
	doi = {10.1103/RevModPhys.93.025005},
	url = {https://link.aps.org/doi/10.1103/RevModPhys.93.025005}
}

@article{Baker_2018,
	title = {Adaptive rotating-wave approximation for driven open quantum systems},
	author = {Baker, Brian and Li, Andy C. Y. and Irons, Nicholas and Earnest, Nathan and Koch, Jens},
	journal = {Phys. Rev. A},
	volume = {98},
	issue = {5},
	pages = {052111},
	numpages = {13},
	year = {2018},
	month = {Nov},
	publisher = {American Physical Society},
	doi = {10.1103/PhysRevA.98.052111},
	url = {https://link.aps.org/doi/10.1103/PhysRevA.98.052111}
}

@article{Marquardt_2008,
	author = { Florian   Marquardt  and  A.A.   Clerk  and  S.M.   Girvin },
	title = {Quantum theory of optomechanical cooling},
	journal = {Journal of Modern Optics},
	volume = {55},
	number = {19-20},
	pages = {3329-3338},
	year  = {2008},
	publisher = {Taylor & Francis},
	doi = {10.1080/09500340802454971},
}

@article{Liu_2013,
	doi = {10.1088/1674-1056/22/11/114213},
	url = {https://doi.org/10.1088/1674-1056/22/11/114213},
	year = 2013,
	month = {nov},
	publisher = {{IOP} Publishing},
	volume = {22},
	number = {11},
	pages = {114213},
	author = {Yong-Chun Liu and Yu-Wen Hu and Chee Wei Wong and Yun-Feng Xiao},
	title = {Review of cavity optomechanical cooling},
	journal = {Chinese Physics B},
}

@article{Lugiato_2018,
	title={{From the Lugiato--Lefever equation to microresonator-based soliton Kerr frequency combs}},
	author={Lugiato, LA and Prati, F and Gorodetsky, ML and Kippenberg, TJ},
	journal={Philosophical Transactions of the Royal Society A: Mathematical, Physical and Engineering Sciences},
	volume={376},
	number={2135},
	pages={20180113},
	year={2018},
	publisher={The Royal Society Publishing}
}

@article{Zhang_2015,
	title = {{Generalized rotating-wave approximation for the two-qubit quantum Rabi model}},
	author = {Zhang, Yu-Yu and Chen, Qing-Hu},
	journal = {Phys. Rev. A},
	volume = {91},
	issue = {1},
	pages = {013814},
	numpages = {7},
	year = {2015},
	month = {Jan},
	publisher = {American Physical Society},
	doi = {10.1103/PhysRevA.91.013814},
	url = {https://link.aps.org/doi/10.1103/PhysRevA.91.013814}
}

@article{Zheng_2008,
	title = {{Quantum Zeno and anti-Zeno effects: without the rotating-wave approximation}},
	author = {Zheng, H. and Zhu, S. Y. and Zubairy, M. S.},
	journal = {Phys. Rev. Lett.},
	volume = {101},
	issue = {20},
	pages = {200404},
	numpages = {4},
	year = {2008},
	month = {Nov},
	publisher = {American Physical Society},
	doi = {10.1103/PhysRevLett.101.200404},
	url = {https://link.aps.org/doi/10.1103/PhysRevLett.101.200404}
}

@article{Gan_2010,
	title={Dynamics of a two-level system coupled to a quantum oscillator: transformed rotating-wave approximation},
	author={Gan, CJ and Zheng, Hang},
	journal={The European Physical Journal D},
	volume={59},
	number={3},
	pages={473--478},
	year={2010},
	doi={10.1140/epjd/e2010-00182-8},
	publisher={Springer}
}

@article{Gu_2017,
	title={Microwave photonics with superconducting quantum circuits},
	author={Gu, Xiu and Kockum, Anton Frisk and Miranowicz, Adam and Liu, Yu-xi and Nori, Franco},
	journal={Physics Reports},
	volume={718},
	pages={1--102},
	year={2017},
	publisher={Elsevier}
}

@article{Zeuch_2020,
	title = {Exact rotating wave approximation},
	journal = {Annals of Physics},
	volume = {423},
	pages = {168327},
	year = {2020},
	issn = {0003-4916},
	doi = {https://doi.org/10.1016/j.aop.2020.168327},
	url = {https://www.sciencedirect.com/science/article/pii/S000349162030261X},
	author = {Daniel Zeuch and Fabian Hassler and Jesse J. Slim and David P. DiVincenzo},
}

@article{Niemczyk_2010,
	title={Circuit quantum electrodynamics in the ultrastrong-coupling regime},
	author={Niemczyk, Thomas and Deppe, F and Huebl, H and Menzel, EP and Hocke, F and Schwarz, MJ and Garcia-Ripoll, JJ and Zueco, D and H{\"u}mmer, T and Solano, E and others},
	journal={Nat. Phys.},
	volume={6},
	number={10},
	pages={772--776},
	year={2010},
	publisher={Nature Publishing Group}
}

@article{Sornborger_2004,
	title = {Superconducting phase qubit coupled to a nanomechanical resonator: Beyond the rotating-wave approximation},
	author = {Sornborger, Andrew T. and Cleland, Andrew N. and Geller, Michael R.},
	journal = {Phys. Rev. A},
	volume = {70},
	issue = {5},
	pages = {052315},
	numpages = {6},
	year = {2004},
	month = {Nov},
	publisher = {American Physical Society},
	doi = {10.1103/PhysRevA.70.052315},
	url = {https://link.aps.org/doi/10.1103/PhysRevA.70.052315}
}

@article{Bishop_2010,
	title = {Response of the Strongly Driven {Jaynes-Cummings} Oscillator},
	author = {Bishop, Lev S. and Ginossar, Eran and Girvin, S. M.},
	journal = {Phys. Rev. Lett.},
	volume = {105},
	issue = {10},
	pages = {100505},
	numpages = {4},
	year = {2010},
	month = {Sep},
	publisher = {American Physical Society},
	doi = {10.1103/PhysRevLett.105.100505},
	url = {https://link.aps.org/doi/10.1103/PhysRevLett.105.100505}
}

@article{Rocheleau_2010,
	title={Preparation and detection of a mechanical resonator near the ground state of motion},
	author={Rocheleau, T and Ndukum, T and Macklin, C and Hertzberg, JB and Clerk, AA and Schwab, KC},
	journal={Nature},
	volume={463},
	number={7277},
	pages={72--75},
	year={2010},
	publisher={Nature Publishing Group}
}

@article{Zueco_2009,
	title = {Qubit-oscillator dynamics in the dispersive regime: Analytical theory beyond the rotating-wave approximation},
	author = {Zueco, David and Reuther, Georg M. and Kohler, Sigmund and H\"anggi, Peter},
	journal = {Phys. Rev. A},
	volume = {80},
	issue = {3},
	pages = {033846},
	numpages = {5},
	year = {2009},
	month = {Sep},
	publisher = {American Physical Society},
	doi = {10.1103/PhysRevA.80.033846},
	url = {https://link.aps.org/doi/10.1103/PhysRevA.80.033846}
}

@article{Xiang_2013,
	title = {Hybrid quantum circuits: Superconducting circuits interacting with other quantum systems},
	author = {Xiang, Ze-Liang and Ashhab, Sahel and You, J. Q. and Nori, Franco},
	journal = {Rev. Mod. Phys.},
	volume = {85},
	issue = {2},
	pages = {623--653},
	numpages = {0},
	year = {2013},
	month = {Apr},
	publisher = {American Physical Society},
	doi = {10.1103/RevModPhys.85.623},
	url = {https://link.aps.org/doi/10.1103/RevModPhys.85.623}
}

@misc{supmat, title = {Supplemental Material} }

%@misc{transient, title = {The effect of initial conditions disappears at sufficiently long times due to dissipation, which we do not consider explicitly here. The results thus correspond to the limit of infinitesimal dissipation and $t\rightarrow \infty$.} }

@article{Papariello_2016,
	title = {Parametric Symmetry Breaking in a Nonlinear Resonator},
	author = {Leuch, Anina and Papariello, Luca and Zilberberg, Oded and Degen, Christian L. and Chitra, R. and Eichler, Alexander},
	journal = {Phys. Rev. Lett.},
	volume = {117},
	issue = {21},
	pages = {214101},
	numpages = {5},
	year = {2016},
	month = {Nov},
	publisher = {American Physical Society},
	doi = {10.1103/PhysRevLett.117.214101},
	url = {https://link.aps.org/doi/10.1103/PhysRevLett.117.214101}
}

@article{Leuch_2016,
	title = {Ultrasensitive hysteretic force sensing with parametric nonlinear oscillators},
	author = {Papariello, Luca and Zilberberg, Oded and Eichler, Alexander and Chitra, R.},
	journal = {Phys. Rev. E},
	volume = {94},
	issue = {2},
	pages = {022201},
	numpages = {7},
	year = {2016},
	month = {Aug},
	publisher = {American Physical Society},
	doi = {10.1103/PhysRevE.94.022201},
	url = {https://link.aps.org/doi/10.1103/PhysRevE.94.022201}
}

@article{Eichler_2018,
	author = {Eichler,Alexander  and Heugel,Toni L.  and Leuch,Anina  and Degen,Christian L.  and Chitra,R.  and Zilberberg,Oded },
	title = {A parametric symmetry breaking transducer},
	journal = {Applied Physics Letters},
	volume = {112},
	number = {23},
	pages = {233105},
	year = {2018},
	doi = {10.1063/1.5031058},
}

@article{Soriente_2021,
	title = {Distinctive class of dissipation-induced phase transitions and their universal characteristics},
	author = {Soriente, Matteo and Heugel, Toni L. and Arimitsu, Keita and Chitra, R. and Zilberberg, Oded},
	journal = {Phys. Rev. Research},
	volume = {3},
	issue = {2},
	pages = {023100},
	numpages = {19},
	year = {2021},
	month = {May},
	publisher = {American Physical Society},
	doi = {10.1103/PhysRevResearch.3.023100},
	url = {https://link.aps.org/doi/10.1103/PhysRevResearch.3.023100}
}

@article{Soriente_2020,
	title = {Distinguishing phases using the dynamical response of driven-dissipative light-matter systems},
	author = {Soriente, M. and Chitra, R. and Zilberberg, O.},
	journal = {Phys. Rev. A},
	volume = {101},
	issue = {2},
	pages = {023823},
	numpages = {9},
	year = {2020},
	month = {Feb},
	publisher = {American Physical Society},
	doi = {10.1103/PhysRevA.101.023823},
	url = {https://link.aps.org/doi/10.1103/PhysRevA.101.023823}
}

@misc{Bachtold_2022,
	title={Mesoscopic physics of nanomechanical systems}, 
	author={Adrian Bachtold and Joel Moser and M. I. Dykman},
	year={2022},
	howpublished = {\href{https://arxiv.org/abs/2202.01819}{arXiv:2202.01819}}
}

@misc{Sakurai_1995,
	title={Modern quantum mechanics, revised edition},
	author={Sakurai, Jun John and Commins, Eugene D},
	year={1995},
	publisher={American Association of Physics Teachers}
}

@misc{Xiao_2009,
	title={{Theory of transformation for the diagonalization of quadratic Hamiltonians}}, 
	author={Ming-wen Xiao},
	year={2009},
	howpublished = {\href{https://arxiv.org/abs/0908.0787}{arXiv:0908.0787}}
}

@article{Weng_2022,
	title = {{Microresonator dissipative Kerr solitons synchronized to an optoelectronic oscillator}},
	author = {Weng, Wenle and He, Jijun and Kaszubowska-Anandarajah, Aleksandra and Anandarajah, Prince M. and Kippenberg, Tobias J.},
	journal = {Phys. Rev. Applied},
	volume = {17},
	issue = {2},
	pages = {024030},
	numpages = {8},
	year = {2022},
	month = {Feb},
	publisher = {American Physical Society},
	doi = {10.1103/PhysRevApplied.17.024030},
	url = {https://link.aps.org/doi/10.1103/PhysRevApplied.17.024030}
}

@article{Herr_2012,
	title={{Universal formation dynamics and noise of Kerr-frequency combs in microresonators}},
	author={Herr, T and Hartinger, K and Riemensberger, J and Wang, CY and Gavartin, E and Holzwarth, R and Gorodetsky, ML and Kippenberg, TJ},
	journal={Nat. Photonics},
	volume={6},
	number={7},
	pages={480--487},
	year={2012},
	publisher={Nature Publishing Group}
}

@article{Chembo_2016,
	title={Kerr optical frequency combs: theory, applications and perspectives},
	author={Chembo, Yanne K},
	journal={Nanophotonics},
	volume={5},
	number={2},
	pages={214--230},
	year={2016},
	publisher={De Gruyter Open}
}

@article{Lode_2017,
	title = {Fragmented Superradiance of a Bose-Einstein Condensate in an Optical Cavity},
	author = {Lode, Axel U. J. and Bruder, Christoph},
	journal = {Phys. Rev. Lett.},
	volume = {118},
	issue = {1},
	pages = {013603},
	numpages = {5},
	year = {2017},
	month = {Jan},
	publisher = {American Physical Society},
	doi = {10.1103/PhysRevLett.118.013603},
	url = {https://link.aps.org/doi/10.1103/PhysRevLett.118.013603}
}

@article{Lorch_2018,
	title = {Unraveling nonclassicality in the optomechanical instability},
	author = {Koppenh\"ofer, Martin and Bruder, Christoph and L\"orch, Niels},
	journal = {Phys. Rev. A},
	volume = {97},
	issue = {6},
	pages = {063812},
	numpages = {7},
	year = {2018},
	month = {Jun},
	publisher = {American Physical Society},
	doi = {10.1103/PhysRevA.97.063812},
	url = {https://link.aps.org/doi/10.1103/PhysRevA.97.063812}
}

@article{Lorch_2019,
	title = {Quantum state preparation for coupled period tripling oscillators},
	author = {L\"orch, Niels and Zhang, Yaxing and Bruder, Christoph and Dykman, M. I.},
	journal = {Phys. Rev. Research},
	volume = {1},
	issue = {2},
	pages = {023023},
	numpages = {8},
	year = {2019},
	month = {Sep},
	publisher = {American Physical Society},
	doi = {10.1103/PhysRevResearch.1.023023},
	url = {https://link.aps.org/doi/10.1103/PhysRevResearch.1.023023}
}

@article{Ferri_2021,
	title = {Emerging Dissipative Phases in a Superradiant Quantum Gas with Tunable Decay},
	author = {Ferri, Francesco and Rosa-Medina, Rodrigo and Finger, Fabian and Dogra, Nishant and Soriente, Matteo and Zilberberg, Oded and Donner, Tobias and Esslinger, Tilman},
	journal = {Phys. Rev. X},
	volume = {11},
	issue = {4},
	pages = {041046},
	numpages = {20},
	year = {2021},
	month = {Dec},
	publisher = {American Physical Society},
	doi = {10.1103/PhysRevX.11.041046},
	url = {https://link.aps.org/doi/10.1103/PhysRevX.11.041046}
}

@misc{Delpino_2021,
	title={{Non-Hermitian chiral phononics through optomechanically-induced squeezing}}, 
	author={Javier del Pino and Jesse J. Slim and Ewold Verhagen},
	year={2021},
	howpublished = {\href{https://arxiv.org/abs/2110.14710}{arXiv:2110.14710}}
	
}

@article{Xu_2021,
	title = {Nonreciprocal phonon laser in a spinning microwave magnomechanical system},
	author = {Xu, Yi and Liu, Jin-Yu and Liu, Wenjing and Xiao, Yun-Feng},
	journal = {Phys. Rev. A},
	volume = {103},
	issue = {5},
	pages = {053501},
	numpages = {8},
	year = {2021},
	month = {May},
	publisher = {American Physical Society},
	doi = {10.1103/PhysRevA.103.053501},
	url = {https://link.aps.org/doi/10.1103/PhysRevA.103.053501}
}

@article{Ebrahimi_2021,
	title = {Single-quadrature quantum magnetometry in cavity electromagnonics},
	author = {Ebrahimi, M. S. and Motazedifard, Ali and Harouni, M. Bagheri},
	journal = {Phys. Rev. A},
	volume = {103},
	issue = {6},
	pages = {062605},
	numpages = {16},
	year = {2021},
	month = {Jun},
	publisher = {American Physical Society},
	doi = {10.1103/PhysRevA.103.062605},
	url = {https://link.aps.org/doi/10.1103/PhysRevA.103.062605}
}

@article{Li_2021,
	title = {Quantum Network with Magnonic and Mechanical Nodes},
	author = {Li, Jie and Wang, Yi-Pu and Wu, Wei-Jiang and Zhu, Shi-Yao and You, J. Q.},
	journal = {PRX Quantum},
	volume = {2},
	issue = {4},
	pages = {040344},
	numpages = {13},
	year = {2021},
	month = {Dec},
	publisher = {American Physical Society},
	doi = {10.1103/PRXQuantum.2.040344},
	url = {https://link.aps.org/doi/10.1103/PRXQuantum.2.040344}
}

@article{Qi_2021,
	title = {Magnon-assisted photon-phonon conversion in the presence of structured environments},
	author = {Qi, Shi-fan and Jing, Jun},
	journal = {Phys. Rev. A},
	volume = {103},
	issue = {4},
	pages = {043704},
	numpages = {10},
	year = {2021},
	month = {Apr},
	publisher = {American Physical Society},
	doi = {10.1103/PhysRevA.103.043704},
	url = {https://link.aps.org/doi/10.1103/PhysRevA.103.043704}
}

@article{Gonzalez-Ballestero_2022,
	title = {Towards a quantum interface between spin waves and paramagnetic spin baths},
	author = {Gonzalez-Ballestero, C. and van der Sar, Toeno and Romero-Isart, O.},
	journal = {Phys. Rev. B},
	volume = {105},
	issue = {7},
	pages = {075410},
	numpages = {43},
	year = {2022},
	month = {Feb},
	publisher = {American Physical Society},
	doi = {10.1103/PhysRevB.105.075410},
	url = {https://link.aps.org/doi/10.1103/PhysRevB.105.075410}
}

@article{Fukami_2021,
	title = {Opportunities for Long-Range Magnon-Mediated Entanglement of Spin Qubits via On- and Off-Resonant Coupling},
	author = {Fukami, Masaya and Candido, Denis R. and Awschalom, David D. and Flatt\'e, Michael E.},
	journal = {PRX Quantum},
	volume = {2},
	issue = {4},
	pages = {040314},
	numpages = {34},
	year = {2021},
	month = {Oct},
	publisher = {American Physical Society},
	doi = {10.1103/PRXQuantum.2.040314},
	url = {https://link.aps.org/doi/10.1103/PRXQuantum.2.040314}
}

@article{Delpino_2016,
	title = {{Exploiting vibrational strong coupling to make an optical parametric oscillator out of a Raman laser}},
	author = {del Pino, Javier and Garcia-Vidal, Francisco J. and Feist, Johannes},
	journal = {Phys. Rev. Lett.},
	volume = {117},
	issue = {27},
	pages = {277401},
	numpages = {6},
	year = {2016},
	month = {Dec},
	publisher = {American Physical Society},
	doi = {10.1103/PhysRevLett.117.277401},
	url = {https://link.aps.org/doi/10.1103/PhysRevLett.117.277401}
}

@article{Quach_2022,
	author = {James Q. Quach  and Kirsty E. McGhee  and Lucia Ganzer  and Dominic M. Rouse  and Brendon W. Lovett  and Erik M. Gauger  and Jonathan Keeling  and Giulio Cerullo  and David G. Lidzey  and Tersilla Virgili },
	title = {Superabsorption in an organic microcavity: Toward a quantum battery},
	journal = {Science Advances},
	volume = {8},
	number = {2},
	pages = {eabk3160},
	year = {2022},
	doi = {10.1126/sciadv.abk3160}
}

@article{Marsh_2021,
	title = {Enhancing Associative Memory Recall and Storage Capacity Using Confocal Cavity QED},
	author = {Marsh, Brendan P. and Guo, Yudan and Kroeze, Ronen M. and Gopalakrishnan, Sarang and Ganguli, Surya and Keeling, Jonathan and Lev, Benjamin L.},
	journal = {Phys. Rev. X},
	volume = {11},
	issue = {2},
	pages = {021048},
	numpages = {39},
	year = {2021},
	month = {Jun},
	publisher = {American Physical Society},
	doi = {10.1103/PhysRevX.11.021048},
	url = {https://link.aps.org/doi/10.1103/PhysRevX.11.021048}
}

@article{Rota_2019,
	title = {Quantum Critical Regime in a Quadratically Driven Nonlinear Photonic Lattice},
	author = {Rota, Riccardo and Minganti, Fabrizio and Ciuti, Cristiano and Savona, Vincenzo},
	journal = {Phys. Rev. Lett.},
	volume = {122},
	issue = {11},
	pages = {110405},
	numpages = {6},
	year = {2019},
	month = {Mar},
	publisher = {American Physical Society},
	doi = {10.1103/PhysRevLett.122.110405},
	url = {https://link.aps.org/doi/10.1103/PhysRevLett.122.110405}
}

@article{Munoz_2021,
	title = {{Nonlinearity-Induced Reciprocity Breaking in a Single Nonmagnetic Taiji Resonator}},
	author = {Mu\~noz de las Heras, A. and Franchi, R. and Biasi, S. and Ghulinyan, M. and Pavesi, L. and Carusotto, I.},
	journal = {Phys. Rev. Applied},
	volume = {15},
	issue = {5},
	pages = {054044},
	numpages = {10},
	year = {2021},
	month = {May},
	publisher = {American Physical Society},
	doi = {10.1103/PhysRevApplied.15.054044},
	url = {https://link.aps.org/doi/10.1103/PhysRevApplied.15.054044}
}

@article{Mikami_2016,
	title = {Brillouin-Wigner theory for high-frequency expansion in periodically driven systems: Application to Floquet topological insulators},
	author = {Mikami, Takahiro and Kitamura, Sota and Yasuda, Kenji and Tsuji, Naoto and Oka, Takashi and Aoki, Hideo},
	journal = {Phys. Rev. B},
	volume = {93},
	issue = {14},
	pages = {144307},
	numpages = {25},
	year = {2016},
	month = {Apr},
	publisher = {American Physical Society},
	doi = {10.1103/PhysRevB.93.144307},
	url = {https://link.aps.org/doi/10.1103/PhysRevB.93.144307}
}

@inbook{Lifshitz_2008,
	title        = {Nonlinear Dynamics of Nanomechanical and Micromechanical Resonators},
	author       = {Lifshitz, Ron and Cross, M. C.},
	year         = 2008,
	booktitle    = {Reviews of Nonlinear Dynamics and Complexity},
	publisher    = {John Wiley \& Sons, Ltd},
	pages        = {1--52},
	doi          = {https://doi.org/10.1002/9783527626359.ch1},
	isbn         = 9783527626359,
	chapter      = 1
}

@article{Heugel_2019,
	title = {Quantum Transducer Using a Parametric Driven-Dissipative Phase Transition},
	author = {Heugel, Toni L. and Biondi, Matteo and Zilberberg, Oded and Chitra, R.},
	journal = {Phys. Rev. Lett.},
	volume = {123},
	issue = {17},
	pages = {173601},
	numpages = {6},
	year = {2019},
	month = {Oct},
	publisher = {American Physical Society},
	doi = {10.1103/PhysRevLett.123.173601},
	url = {https://link.aps.org/doi/10.1103/PhysRevLett.123.173601}
}

@article{Chitra_2015,
	title = {{Dynamical many-body phases of the parametrically driven, dissipative Dicke model}},
	author = {Chitra, R. and Zilberberg, O.},
	journal = {Phys. Rev. A},
	volume = {92},
	issue = {2},
	pages = {023815},
	numpages = {7},
	year = {2015},
	month = {Aug},
	publisher = {American Physical Society},
	doi = {10.1103/PhysRevA.92.023815},
	url = {https://link.aps.org/doi/10.1103/PhysRevA.92.023815}
}

@article{Soriente_2018,
	title = {Dissipation-Induced Anomalous Multicritical Phenomena},
	author = {Soriente, M. and Donner, T. and Chitra, R. and Zilberberg, O.},
	journal = {Phys. Rev. Lett.},
	volume = {120},
	issue = {18},
	pages = {183603},
	numpages = {5},
	year = {2018},
	month = {May},
	publisher = {American Physical Society},
	doi = {10.1103/PhysRevLett.120.183603},
	url = {https://link.aps.org/doi/10.1103/PhysRevLett.120.183603}
}
@article{Mikami2016,
	archivePrefix = {arXiv},
	arxivId = {1511.00755},
	author = {Mikami, Takahiro and Kitamura, Sota and Yasuda, Kenji and Tsuji, Naoto and Oka, Takashi and Aoki, Hideo},
	doi = {10.1103/PhysRevB.93.144307},
	eprint = {1511.00755},
	file = {:C\:/Users/anina/OneDrive/ETH-Project/Recherche/Mikami et al. - Brillouin-Wigner theory for high-frequency expansion in periodically driven systems Application to Floquet topological i.pdf:pdf},
	issn = {2469-9950},
	journal = {Phys. Rev. B},
	month = {apr},
	number = {14},
	pages = {144307},
	title = {{Brillouin-Wigner theory for high-frequency expansion in periodically driven systems: Application to Floquet topological insulators}},
	url = {https://link.aps.org/doi/10.1103/PhysRevB.93.144307},
	volume = {93},
	year = {2016}
}

@article{Eckardt2017,
	title = {Colloquium: Atomic quantum gases in periodically driven optical lattices},
	author = {Eckardt, Andr\'e},
	journal = {Rev. Mod. Phys.},
	volume = {89},
	issue = {1},
	pages = {011004},
	numpages = {30},
	year = {2017},
	month = {Mar},
	publisher = {American Physical Society},
	doi = {10.1103/RevModPhys.89.011004},
	url = {https://link.aps.org/doi/10.1103/RevModPhys.89.011004}
}
@article{Eckardt2015,
	archivePrefix = {arXiv},
	arxivId = {1502.06477},
	author = {Eckardt, Andr{\'{e}} and Anisimovas, Egidijus},
	journal = {New. J. Phys.},
	keywords = {Floquet theory,quantum engineering,ultracold quantum gases},
	number = {9},
	publisher = {IOP Publishing},
	title = {{High-frequency approximation for periodically driven quantum systems from a Floquet-space perspective}},
	volume = {17},
	year = {2015}
}

@article{Bukov2015,
	archivePrefix = {arXiv},
	arxivId = {1407.4803},
	author = {Bukov, Marin and D'Alessio, Luca and Polkovnikov, Anatoli},
	doi = {10.1080/00018732.2015.1055918},
	eprint = {1407.4803},
	file = {:C\:/Users/anina/OneDrive/ETH-Project/Recherche/Bukov, D'Alessio, Polkovnikov - Universal high-frequency behavior of periodically driven systems From dynamical stabilization to Floquet.pdf:pdf},
	issn = {14606976},
	journal = {Advances in Physics},
	keywords = {Floquet theory,Magnus expansion,artificial gauge fields,dynamical stabilization and localization,effective Hamiltonian,high-frequency limit,quantum simulation,spin systems,topological insulators},
	number = {2},
	pages = {139--226},
	title = {{Universal high-frequency behavior of periodically driven systems: From dynamical stabilization to Floquet engineering}},
	volume = {64},
	year = {2015}
}

@article{Goldman2014,
	title = {Periodically Driven Quantum Systems: Effective Hamiltonians and Engineered Gauge Fields},
	author = {Goldman, N. and Dalibard, J.},
	journal = {Phys. Rev. X},
	volume = {4},
	issue = {3},
	pages = {031027},
	numpages = {29},
	year = {2014},
	month = {Aug},
	publisher = {American Physical Society},
	doi = {10.1103/PhysRevX.4.031027},
	url = {https://link.aps.org/doi/10.1103/PhysRevX.4.031027}
}

@article{Ann_2021,
	title = {Sideband transitions in a two-mode Josephson circuit driven beyond the rotating-wave approximation},
	author = {Ann, Byoung-moo and Kessels, Wouter and Steele, Gary A.},
	journal = {Phys. Rev. Research},
	volume = {3},
	issue = {3},
	pages = {033004},
	numpages = {11},
	year = {2021},
	month = {Jul},
	publisher = {American Physical Society},
	doi = {10.1103/PhysRevResearch.3.033004},
	url = {https://link.aps.org/doi/10.1103/PhysRevResearch.3.033004}
}

@article{Ford_1996,
	title = {Inconsistency of the rotating wave approximation with the Ehrenfest theorem},
	journal = {Physics Letters A},
	volume = {215},
	number = {5},
	pages = {245-246},
	year = {1996},
	issn = {0375-9601},
	doi = {https://doi.org/10.1016/0375-9601(96)00242-3},
	url = {https://www.sciencedirect.com/science/article/pii/0375960196002423},
	author = {G.W. Ford and R.F. O'Connell}
}

@article{Wang_2015,
	title = {Bridging the gap between the Jaynes–Cummings and Rabi models using an intermediate rotating wave approximation},
	journal = {Physics Letters A},
	volume = {379},
	number = {8},
	pages = {779-786},
	year = {2015},
	issn = {0375-9601},
	doi = {https://doi.org/10.1016/j.physleta.2014.12.052},
	url = {https://www.sciencedirect.com/science/article/pii/S0375960114012936},
	author = {Yimin Wang and Jing Yan Haw}
}

@article{Wang_2021,
	doi = {10.1088/1674-1056/abd930},
	url = {https://doi.org/10.1088/1674-1056/abd930},
	year = 2021,
	month = {may},
	publisher = {{IOP} Publishing},
	volume = {30},
	number = {6},
	pages = {064204},
	author = {Yi-Fan Wang and Hong-Hao Yin and Ming-Yue Yang and An-Chun Ji and Qing Sun},
	title = {Effective Hamiltonian of the Jaynes-Cummings model beyond rotating-wave approximation},
	journal = {Chinese Physics B}
}

@article{Hausinger_2008,
	doi = {10.1088/1367-2630/10/11/115015},
	url = {https://doi.org/10.1088/1367-2630/10/11/115015},
	year = 2008,
	month = {nov},
	publisher = {{IOP} Publishing},
	volume = {10},
	number = {11},
	pages = {115015},
	author = {Johannes Hausinger and Milena Grifoni},
	title = {Dissipative dynamics of a biased qubit coupled to a harmonic oscillator: analytical results beyond the rotating wave approximation},
	journal = {New J. Phys.}
}

@article{He_2012,
	title = {First-order corrections to the rotating-wave approximation in the Jaynes-Cummings model},
	author = {He, Shu and Wang, Chen and Chen, Qing-Hu and Ren, Xue-Zao and Liu, Tao and Wang, Ke-Lin},
	journal = {Phys. Rev. A},
	volume = {86},
	issue = {3},
	pages = {033837},
	numpages = {7},
	year = {2012},
	month = {Sep},
	publisher = {American Physical Society},
	doi = {10.1103/PhysRevA.86.033837},
	url = {https://link.aps.org/doi/10.1103/PhysRevA.86.033837}
}

@book{Nayfeh_2008,
	title        = {Perturbation methods},
	author       = {Nayfeh, Ali H},
	year         = 2000,
	publisher    = {John Wiley \& Sons},
	isbn         = 9783527617609
}


@book{Gardiner,
	title        = {Stochastic Methods: A Handbook for the Natural Sciences},
	author       = {Gardiner, Crispin},
	year         = 2009,
	publisher    = {Springer},
	isbn         = 978-3-642-08962-6
}


@article{Eckardt_2015,
	title        = {High-frequency approximation for periodically driven quantum systems from a Floquet-space perspective},
	author       = {Andr{\'{e}} Eckardt and Egidijus Anisimovas},
	year         = 2015,
	month        = {sep},
	journal      = {New J. Phys.},
	publisher    = {{IOP} Publishing},
	volume       = 17,
	number       = 9,
	pages        = {093039},
}

@article{Rudner_2020,
	title        = {{Band structure engineering and non-equilibrium dynamics in Floquet topological insulators}},
	author       = {Rudner, Mark S. and Lindner, Netanel H.},
	year         = 2020,
	month        = {may},
	journal      = {Nat. Rev. Phys.},
	volume       = 2,
	number       = 5,
	pages        = {229--244},
	issn         = {2522-5820},
}

@PREAMBLE{
	"\providecommand{\noopsort}[1]{}" 
	# "\providecommand{\singleletter}[1]{#1}%" 
}

@article{Dougherty_1996, title={Detection of AC magnetic signals by parametric mode coupling in a mechanical oscillator}, volume={7}, ISSN={0957-0233, 1361-6501}, DOI={10.1088/0957-0233/7/12/007},  number={12}, journal={Meas. Sci. Technol.}, author={Dougherty, W M and Bruland, K J and Garbini, J L and Sidles, J A}, year={1996}, month={Dec}, pages={1733–1739} }

@article{Mamin_2007,
	title={Nuclear magnetic resonance imaging with 90-nm resolution},
	author={Mamin, HJ and Poggio, M and Degen, CL and Rugar, D},
	journal={Nat. Nanotechnol.},
	volume={2},
	number={5},
	pages={301},
	year={2007},
	publisher={Nature Publishing Group}
}

@Article{Sidles_1991,
	author  = {J. A. Sidles},
	title   = {Noninductive detection of single-proton magnetic resonance},
	journal = {Appl. Phys. Lett.},
	year    = {1991},
	volume  = {58},
	pages   = {2854},
	doi     = {10.1063/1.104757},
	eid     = {2854},
	file    = {sidles91_apl.pdf},
}

@Article{Loretz_2014,
	author  = {M. Loretz and S. Pezzagna and J. Meijer and C. L. Degen},
	title   = {Nanoscale nuclear magnetic resonance with a 1.9-nm-deep nitrogen-vacancy sensor},
	journal = {Appl. Phys. Lett.},
	year    = {2014},
	volume  = {104},
	pages   = {033102},
	doi     = {10.1063/1.4862749},
	file    = {2014_loretz_apl.pdf},
	url     = {http://dx.doi.org/10.1063/1.4862749},
}

@Article{Willke_2019,
	author  = {P. Willke and K. Yang and Y. Bae and A. J. Heinrich and C. P. Lutz},
	title   = {Magnetic resonance imaging of single atoms on a surface},
	journal = {Nat. Phys.},
	year    = {2019},
}

@Article{Grinolds_2014,
	author  = {M. S. Grinolds and M. Warner and K. De Greve and Y. Dovzhenko and L. Thiel and R. L. Walsworth and S. Hong and P. Maletinsky and A. Yacoby},
	title   = {Subnanometre resolution in three-dimensional magnetic resonance imaging of individual dark spins},
	journal = {Nat. Nanotechnol.},
	year    = {2014},
	volume  = {9},
	pages   = {279--284},
}

@Article{Staudacher_2013,
	author  = {T. Staudacher and F. Shi and S. Pezzagna and J. Meijer and J. Du and C. A. Meriles and F. Reinhard and J. Wrachtrup},
	title   = {Nuclear magnetic resonance spectroscopy on a (5-nanometer)$^{3}$ sample},
	journal = {Science},
	year    = {2013},
	volume  = {339},
	pages   = {561-563},
	doi     = {10.1126/science.1231675},
	file    = {staudacher13_science.pdf},
}

@article{Rugar_1991,
	title = {Mechanical parametric amplification and thermomechanical noise squeezing},
	author = {Rugar, D. and Gr\"utter, P.},
	journal = {Phys. Rev. Lett.},
	volume = {67},
	issue = {6},
	pages = {699--702},
	numpages = {0},
	year = {1991},
	month = {Aug},
	publisher = {American Physical Society},
	doi = {10.1103/PhysRevLett.67.699},
	url = {https://link.aps.org/doi/10.1103/PhysRevLett.67.699}
}


@Article{Mamin_2013,
	author  = {H. J. Mamin and M. Kim and M. H. Sherwood and C. T. Rettner and K. Ohno and D. D. Awschalom and D. Rugar},
	title   = {Nanoscale nuclear magnetic resonance with a nitrogen-vacancy spin sensor},
	journal = {Science},
	year    = {2013},
	volume  = {339},
	pages   = {557-560},
	doi     = {10.1126/science.1231540},
	file    = {mamin13_Science557-60.pdf},
}

@article{Aspelmeyer_2014,
	title={Cavity optomechanics},
	author={Aspelmeyer, Markus and Kippenberg, Tobias J and Marquardt, Florian},
	journal={Rev. Mod. Phys.},
	volume={86},
	number={4},
	doi={10.1103/RevModPhys.86.1391},
	pages={1391},
	year={2014},
	publisher={APS}
}

@article{Catalini_2020,
	title = {Soft-Clamped Phononic Dimers for Mechanical Sensing and Transduction},
	author = {Catalini, Letizia and Tsaturyan, Yeghishe and Schliesser, Albert},
	journal = {Phys. Rev. Appl.},
	volume = {14},
	issue = {1},
	pages = {014041},
	numpages = {16},
	year = {2020},
	month = {Jul},
	publisher = {American Physical Society},
	doi = {10.1103/PhysRevApplied.14.014041},
	url = {https://link.aps.org/doi/10.1103/PhysRevApplied.14.014041}
}


@article{Courty_2001,
	title={Quantum limits of cold damping with optomechanical coupling},
	author={Courty, J-M and Heidmann, Antoine and Pinard, Michel},
	journal={Eur. Phys. J. D},
	volume={17},
	number={3},
	doi={10.1007/s100530170014},
	pages={399--408},
	year={2001},
	publisher={Springer}
}

@article{Rossi_2018,
	title={Measurement-based quantum control of mechanical motion},
	author={Rossi, Massimiliano and Mason, David and Chen, Junxin and Tsaturyan, Yeghishe and Schliesser, Albert},
	journal={Nature},
	volume={563},
	number={7729},
	doi={10.1038/s41586-018-0643-8},
	pages={53},
	year={2018},
	publisher={Nature Publishing Group}
}


@article{Fong_2012,
	title={Frequency and phase noise of ultrahigh Q silicon nitride nanomechanical resonators},
	author={Fong, King Y and Pernice, Wolfram H. P. and Tang, Hong X},
	journal={Phys. Rev. B},
	volume={85},
	number={16},
	pages={161410},
	doi={10.1103/PhysRevB.85.161410},
	year={2012},
	publisher={APS}
}

@article{Leuch_2016,
	title={Parametric symmetry breaking in a nonlinear resonator},
	author={Leuch, Anina and Papariello, Luca and Zilberberg, Oded and Degen, Christian L and Chitra, Ramasubramanian and Eichler, Alexander},
	journal={Phys. Rev. Lett.},
	volume={117},
	number={21},
	doi={10.1103/PhysRevLett.117.214101},
	pages={214101},
	year={2016},
	publisher={APS}
}


@Article{Nichol_2012,
	author  = {J. M. Nichol and E. R. Hemesath and L. J. Lauhon and R. Budakian},
	title   = {Nanomechanical detection of nuclear magnetic resonance using a silicon nanowire oscillator},
	journal = {Phys. Rev. B},
	year    = {2012},
	volume  = {85},
	pages   = {054414},
	doi     = {10.1103/PhysRevB.85.054414},
}

@Article{Nichol_2013,
	author  = {J. M. Nichol and T. R. Naibert and E. R. Hemesath and L. J. Lauhon and R. Budakian},
	title   = {Nanoscale fourier-transform magnetic resonance imaging},
	journal = {Phys. Rev. X},
	year    = {2013},
	volume  = {3},
	pages   = {031016},
	doi     = {10.1103/PhysRevX.3.031016},
	file    = {nichol13_PhysRevX.3.031016.pdf},
	url     = {http://link.aps.org/doi/10.1103/PhysRevX.3.031016},
}

@Article{Poggio_2010,
	author  = {M. Poggio and C. L. Degen},
	title   = {Force-detected nuclear magnetic resonance: {R}ecent advances and future challenges},
	journal = {Nanotechnology},
	year    = {2010},
	volume  = {21},
	pages   = {342001},
	doi     = {10.1088/0957-4484/21/34/342001},
	file    = {poggio10_nanotechnology_0957-4484_21_34_342001.pdf},
	url     = {http://dx.doi.org/10.1088/0957-4484/21/34/342001},
}

@Article{Mamin_2001,
	author  = {H. J. Mamin and D. Rugar},
	title   = {Sub-attonewton force detection at millikelvin temperatures},
	journal = {Appl. Phys. Lett.},
	year    = {2001},
	volume  = {79},
	pages   = {3358},
	doi     = {10.1063/1.1418256},
	eid     = {3358},
	file    = {mamin01_apl_sub-attonewton.pdf},
}

@Article{Moser_2013,
	author  = {J. Moser and J. G\"uttinger and A. Eichler and M. J. Esplandiu and D. E. Liu and M. I. Dykman and A. Bachtold},
	title   = {Ultrasensitive force detection with a nanotube mechanical resonator},
	journal = {Nat. Nanotechnol.},
	year    = {2013},
	volume  = {8},
	pages   = {493-496},
	doi     = {10.1038/NNANO.2013.97},
}

@Article{Tao_2014,
	author  = {Y. Tao and J. M. Boss and B. A. Moores and C. L. Degen},
	title   = {Single crystal diamond nanomechanical resonators with quality factors exceeding one million},
	journal = {Nat. Commun.},
	year    = {2014},
	volume  = {5},
	pages   = {3638},
	doi     = {10.1038/ncomms4638},
	file    = {2014_tao_ncomms.pdf},
	url     = {http://dx.doi.org/10.1038/ncomms4638},
}

@article{Poggio_20072,
	title = {Feedback Cooling of a Cantilever's Fundamental Mode below 5 mK},
	author = {Poggio, M. and Degen, C. L. and Mamin, H. J. and Rugar, D.},
	journal = {Phys. Rev. Lett.},
	volume = {99},
	issue = {1},
	pages = {017201},
	year = {2007},
	month = {Jul},
	doi = {10.1103/PhysRevLett.99.017201},
	url = {https://link.aps.org/doi/10.1103/PhysRevLett.99.017201}
}

@article{Poggio_2007,
	title={Feedback cooling of a cantilever’s fundamental mode below 5 mK},
	author={Poggio, M and Degen, C. L. and Mamin, H. J. and Rugar, D},
	journal={Phys. Rev. Lett.},
	volume={99},
	number={1},
	pages={017201},
	doi = {10.1103/PhysRevLett.99.017201},
	year={2007},
	publisher={APS}
}

@article{Kleckner_2006,
	title = {Sub-kelvin optical cooling of a micromechanical resonator},
	author = {D. Kleckner and D. Bouwmeester},
	journal = {Nature},
	volume = {444},
	pages = {75–78},
	numpages = {4},
	year = {2006},
	doi = {10.1038/nature05231},
	url = {https://www.nature.com/articles/nature05231}
}


@Article{Rossi_2017,
	author  = {N. Rossi and F. R. Braakman and D. Cadeddu and D. Vasyukov and G. Tutuncuoglu and Anna Fontcuberta i Morral and Martino Poggio},
	title   = {Vectorial scanning force microscopy using a nanowire sensor},
	journal = {Nat. Nanotechnol.},
	year    = {2017},
	volume  = {12},
	pages   = {150},
	doi     = {10.1038/nnano.2016.189},
	url     = {http://dx.doi.org/10.1038/nnano.2016.189},
}

@Article{Delepinay_2017,
	author  = {L. M. de Lepinay and B. Pigeau and B. Besga and P. Vincent and P. Poncharal and O. Arcizet},
	title   = {A universal and ultrasensitive vectorial nanomechanical sensor for imaging {2D} force fields},
	journal = {Nat. Nanotechnol.},
	year    = {2017},
	volume  = {12},
	pages   = {156},
	doi     = {10.1038/nnano.2016.193},
	url     = {https://doi.org/10.1038/nnano.2016.193},
}

@Article{Weber_2016,
	author  = {P. Weber and J. G\"uttinger and A. Noury and J. Vergara-Cruz and A. Bachtold},
	title   = {Force sensitivity of multilayer grapheneoptomechanical devices},
	journal = {Nat. Commun.},
	year    = {2016},
	volume  = {7},
	pages   = {12496},
	doi     = {doi:  10.1038/ncomms12496},
}

@article{Reinhardt_2016,
	title = {Ultralow-Noise SiN Trampoline Resonators for Sensing and Optomechanics},
	author = {Reinhardt, Christoph and M\"uller, Tina and Bourassa, Alexandre and Sankey, Jack C.},
	journal = {Phys. Rev. X},
	volume = {6},
	issue = {2},
	pages = {021001},
	numpages = {8},
	year = {2016},
	month = {Apr},
	publisher = {American Physical Society},
	doi = {10.1103/PhysRevX.6.021001},
	url = {https://link.aps.org/doi/10.1103/PhysRevX.6.021001}
}

@article{Norte_2016,
	title = {Mechanical Resonators for Quantum Optomechanics Experiments at Room Temperature},
	author = {Norte, R. A. and Moura, J. P. and Gr\"oblacher, S.},
	journal = {Phys. Rev. Lett.},
	volume = {116},
	issue = {14},
	pages = {147202},
	numpages = {6},
	year = {2016},
	month = {Apr},
	publisher = {American Physical Society},
	doi = {10.1103/PhysRevLett.116.147202},
	url = {https://link.aps.org/doi/10.1103/PhysRevLett.116.147202}
}

@Article{Heritier_2018,
	author  = {M. Heritier and A. Eichler and Y. Pan and U. Grob and I. Shorubalko and M. D. Krass and Y. Tao and C. L. Degen},
	title   = {Nanoladder cantilevers made from diamond and silicon},
	journal = {Nano Lett.},
	year    = {2018},
	volume  = {18},
	pages   = {1814-1818},
	doi     = {10.1021/acs.nanolett.7b05035},
	url     = {https://doi.org/10.1021/acs.nanolett.7b05035},
}

@article{deBonis_2018,
	author = {de Bonis, S. L. and Urgell, C. and Yang, W. and Samanta, C. and Noury, A. and Vergara-Cruz, J. and Dong, Q. and Jin, Y. and Bachtold, A.},
	title = {Ultrasensitive Displacement Noise Measurement of Carbon Nanotube Mechanical Resonators},
	journal = {Nano Lett.},
	volume = {18},
	number = {8},
	pages = {5324-5328},
	year = {2018},
	doi = {10.1021/acs.nanolett.8b02437},
	URL = { 
	https://doi.org/10.1021/acs.nanolett.8b02437
	},
}

@article{Tsaturyan_2017,
	author  = {Y. Tsaturyan and A. Barg and E. S. Polzik and A. Schliesser},
	title   = {Ultracoherent nanomechanical resonators via soft clamping and dissipation dilution},
	journal = {Nat. Nanotechnol.},
	year    = {2017},
	pages = {776},
	volume  = {12},
	url     = {http://dx.doi.org/10.1038/nnano.2017.101},
}

@article{Teufel_2009,
	title={Nanomechanical motion measured with an imprecision below that at the standard quantum limit},
	author={Teufel, John D and Donner, Tobias and Castellanos-Beltran, MA and Harlow, Jennifer W and Lehnert, Konrad W},
	journal={Nature nanotechnology},
	volume={4},
	number={12},
	pages={820},
	year={2009},
	publisher={Nature Publishing Group}
}

@Article{Ghadimi_2018,
	author    = {Ghadimi, A. H. and Fedorov, S. A. and Engelsen, N. J. and Bereyhi, M. J. and Schilling, R. and Wilson, D. J. and Kippenberg, T. J.},
	title     = {Elastic strain engineering for ultralow mechanical dissipation},
	journal   = {Science},
	year      = {2018},
	volume    = {360},
	number    = {6390},
	pages     = {764--768},
	publisher = {American Association for the Advancement of Science},
	url       = {https://science.sciencemag.org/content/360/6390/764},
}

@article{Scozzaro_2016,
	title = "Magnetic resonance force detection using a membrane resonator",
	journal = {J. Magn. Reson.},
	volume = "271",
	pages = "15 - 20",
	year = "2016",
	issn = "1090-7807",
	doi = "https://doi.org/10.1016/j.jmr.2016.07.012",
	url = "http://www.sciencedirect.com/science/article/pii/S1090780716301215",
	author = "N. Scozzaro and W. Ruchotzke and A. Belding and J. Cardellino and E.C. Blomberg and B.A. McCullian and V.P. Bhallamudi and D.V. Pelekhov and P.C. Hammel",
	keywords = "Silicon-nitride, Membrane, MRFM, Cyclic-saturation, ESR, MRI, Quality-factor",
}

@article{Faust_2013,
	title = "Coherent control of a classical nanomechanical two-level system",
	journal = {Nat. Phys.},
	volume = "9",
	pages = "485–488",
	year = "2013",
	url = "https://www.nature.com/articles/nphys2666",
	author = "T. Faust and J. Rieger and M. J. Seitner and J. P. Kotthaus and E. M. Weig",
}

@article{Okamoto_2013_NP,
	title = "Coherent phonon manipulation in coupled mechanical resonators",
	journal = {Nat. Phys.},
	volume = "9",
	pages = "480–484",
	year = "2013",
	url = "https://www.nature.com/articles/nphys2665",
	author = "H. Okamoto and A. Gourgout and C.-Y. Chang and K. Onomitsu and I. Mahboob and E. Y. Chang and H. Yamaguchi",
}

@article{Takahashi_2018,
	author = {Takahashi,Hideyuki  and Okamoto,Tsubasa  and Ishimura,Kento  and Hara,Shigeo  and Ohmichi,Eiji  and Ohta,Hitoshi },
	title = {Force-detected high-frequency electron spin resonance spectroscopy using magnet-mounted nanomembrane: Robust detection of thermal magnetization modulation},
	journal = {Rev. Sci. Instrum.},
	volume = {89},
	number = {8},
	pages = {083905},
	year = {2018},
	doi = {10.1063/1.5034529},
	URL = { 
	https://doi.org/10.1063/1.5034529},}

@article{Fischer_2019,
	doi = {10.1088/1367-2630/ab117a},
	url = {https://doi.org/10.1088%2F1367-2630%2Fab117a},
	year = 2019,
	month = {apr},
	publisher = {{IOP} Publishing},
	volume = {21},
	number = {4},
	pages = {043049},
	author = {R Fischer and D P McNally and C Reetz and G G T Assump{\c{c}}{\~{a}}o and T Knief and Y Lin and C A Regal},
	title = {Spin detection with a micromechanical trampoline: towards magnetic resonance microscopy harnessing cavity optomechanics},
	journal = {New J. Phys.},
}

@book{Dresselhaus,
   title={Group theory: application to the physics of condensed matter},
 	author={Dresselhaus, Mildred S and Dresselhaus, Gene and Jorio, Ado},
 	year={2007},
 	publisher={Springer Science \& Business Media},
 	isbn={978-3-540-32897-1}
 
}

@article{Blankenhorn_2017,
	author = {Blankenhorn,M.  and Heintze,E.  and Slota,M.  and van Slageren,J.  and Moores,B. A.  and Degen,C. L.  and Bogani,L.  and Dressel,M. },
	title = {Membrane-based torque magnetometer: Enhanced sensitivity by optical readout of the membrane displacement},
	journal = {Rev. Sci. Instrum.},
	volume = {88},
	number = {9},
	pages = {094707},
	year = {2017},
	URL = { 
	https://doi.org/10.1063/1.5004045},}

@article{deWit2019,
	author = {de Wit,M.  and Welker,G.  and Wagenaar,J. J. T.  and Hoekstra,F. G.  and Oosterkamp,T. H. },
	title = {Feasibility of imaging in nuclear magnetic resonance force microscopy using           Boltzmann polarization},
	journal = {J. Appl. Phys.},
	volume = {125},
	number = {8},
	pages = {083901},
	year = {2019},
	doi = {10.1063/1.5064449},
	URL = { 
	https://doi.org/10.1063/1.5064449},}        

@article{Papariello_2016,
	title = {Ultrasensitive hysteretic force sensing with parametric nonlinear oscillators},
	author = {Papariello, Luca and Zilberberg, Oded and Eichler, Alexander and Chitra, R.},
	journal = {Phys. Rev. E},
	volume = {94},
	issue = {2},
	pages = {022201},
	numpages = {7},
	year = {2016},
	month = {Aug},
	publisher = {American Physical Society},
	doi = {10.1103/PhysRevE.94.022201},
	url = {https://link.aps.org/doi/10.1103/PhysRevE.94.022201}
}
@article{Clerk_2010,
	title = {Introduction to quantum noise, measurement, and amplification},
	author = {Clerk, A. A. and Devoret, M. H. and Girvin, S. M. and Marquardt, Florian and Schoelkopf, R. J.},
	journal = {Rev. Mod. Phys.},
	volume = {82},
	issue = {2},
	pages = {1155--1208},
	numpages = {0},
	year = {2010},
	month = {Apr},
	publisher = {American Physical Society},
	doi = {10.1103/RevModPhys.82.1155},
	url = {https://link.aps.org/doi/10.1103/RevModPhys.82.1155}
}




@article{Frimmer_2014,
	title={The classical Bloch equations},
	volume={82},
	ISSN={0002-9505, 1943-2909},
	DOI={10.1119/1.4878621},
	number={10},
	journal={Am. J. Phys},
	author= {Frimmer, M. and Novotny, L.},
	year={2014}, month={Oct},
	pages={947–954}
}

@article{Okamoto_2013,
	title={Coherent phonon manipulation in coupled mechanical resonators},
	volume={9},
	DOI={10.1038/nphys2665},
	journal={Nat. Phys.},
	author= {Okamoto, H. and Gourgout, A. and Chang, C.-Y. and Onomitsu, K. and Mahboob, I. and Chang, E. Y. and Yamaguchi, H.},
	year={2013},
	pages={480-484}
}

@article{Abdo_2013,
	title = {Nondegenerate three-wave mixing with the Josephson ring modulator},
	author = {Abdo, Baleegh and Kamal, Archana and Devoret, Michel},
	journal = {Phys. Rev. B},
	volume = {87},
	issue = {1},
	pages = {014508},
	numpages = {18},
	year = {2013},
	month = {Jan},
	publisher = {American Physical Society},
	doi = {10.1103/PhysRevB.87.014508},
	url = {https://link.aps.org/doi/10.1103/PhysRevB.87.014508}
}


@article{Gitterman_2005, title={Classical harmonic oscillator with multiplicative noise}, volume={352}, ISSN={03784371}, DOI={10.1016/j.physa.2005.01.008}, number={2–4}, journal={Physica A}, author={Gitterman, M.}, year={2005}, month={Jul}, pages={309–334} }

@article{Degen_2009,
	author   = {C. L. Degen and M. Poggio and H. J. Mamin and C. T. Rettner and D. Rugar},
	title    = {Nanoscale magnetic resonance imaging},
	journal  = {Proc. Natl. Acad. Sci. U.S.A.},
	year     = {2009},
	volume   = {106},
	pages    = {1313},
	file     = {degen09_pnas.pdf},
	numpages = {5},
	url      = {http://dx.doi.org/10.1073/pnas.0812068106},
}

@article{Cleland_2002,
	title={Noise processes in nanomechanical resonators},
	author={Cleland, AN and Roukes, ML},
	journal={J. Appl. Phys.},
	volume={92},
	number={5},
	pages={2758--2769},
	year={2002},
	publisher={American Institute of Physics}
}

@article{Yurke_1995,
	title={Theory of amplifier-noise evasion in an oscillator employing a nonlinear resonator},
	author={Yurke, B. and Greywall, D.S. and Pargellis, A.N. and Busch, P.A.},
	journal={Phys. Rev. A},
	volume={51},
	number={5},
	pages={4211},
	year={1995},
	publisher={APS}
}


@article{Villanueva_2013,
	title={Surpassing fundamental limits of oscillators using nonlinear resonators},
	author={Villanueva, L.G. and Kenig, E. and Karabalin, R.B. and Matheny, M.H. and Lifshitz, Ron and Cross, M.C. and Roukes, M.L.},
	journal={Phys. Rev. Lett.},
	volume={110},
	number={17},
	pages={177208},
	year={2013},
	publisher={APS}
}

@article{Lifshitz_2003,
	title={Response of parametrically driven nonlinear coupled oscillators with application to micromechanical and nanomechanical resonator arrays},
	author={Lifshitz, Ron and Cross, MC},
	journal={Phys. Rev. B},
	volume={67},
	number={13},
	pages={134302},
	year={2003},
	publisher={APS}
}


@article{Kenig_2012,
	title={Optimal operating points of oscillators using nonlinear resonators},
	author={Kenig, Eyal and Cross, MC and Villanueva, LG and Karabalin, RB and Matheny, MH and Lifshitz, Ron and Roukes, ML},
	journal={Phys. Rev. E},
	volume={86},
	number={5},
	pages={056207},
	year={2012},
	publisher={APS}
}



@article{Cleland_2005, title={Thermomechanical noise limits on parametric sensing with nanomechanical resonators}, volume={7}, ISSN={1367-2630}, DOI={10.1088/1367-2630/7/1/235}, journal={New J. Phys.}, author={Cleland, A N}, year={2005}, month={Nov}, pages={235–235} }
@article{Bourret_1973, title={Brownian motion of harmonic oscillator with stochastic frequency}, volume={65}, ISSN={00318914}, DOI={10.1016/0031-8914(73)90347-9}, number={2}, journal={Physica}, author={Bourret, R.C. and Frisch, U. and Pouquet, A.}, year={1973}, month={Apr}, pages={303–320} }

@article{Garner_2004, title={Force-gradient detected nuclear magnetic resonance}, volume={84}, ISSN={0003-6951, 1077-3118}, DOI={10.1063/1.1762700}, number={25}, journal={Appl. Phys. Lett.}, author={Garner, Sean R. and Kuehn, Seppe and Dawlaty, Jahan M. and Jenkins, Neil E. and Marohn, John A.}, year={2004}, month={Jun}, pages={5091–5093} }

@article{Lee_2012, title={Unified picture of cantilever frequency shift measurements of magnetic resonance}, volume={85}, ISSN={1098-0121, 1550-235X}, DOI={10.1103/PhysRevB.85.165447}, number={16}, journal={Phys. Rev. B}, author={Lee, Sang Gap and Moore, Eric W. and Marohn, John A.}, year={2012}, month={Apr}, pages={165447} }

@article{Mankin_2008, title={Stochastic multiresonance and correlation-time-controlled stability for a harmonic oscillator with fluctuating frequency}, volume={78}, ISSN={1539-3755, 1550-2376}, DOI={10.1103/PhysRevE.78.031120}, number={3}, journal={Phys. Rev. E}, author={Mankin, Romi and Laas, Katrin and Laas, Tõnu and Reiter, Eerik}, year={2008}, month={Sep}, pages={031120} }

@inbook{Lifshitz_2008, place={Weinheim, Germany}, title={Nonlinear Dynamics of Nanomechanical and Micromechanical Resonators}, ISBN={978-3-527-62635-9}, url={http://doi.wiley.com/10.1002/9783527626359.ch1}, DOI={10.1002/9783527626359.ch1}, booktitle={Reviews of Nonlinear Dynamics and Complexity}, city={Weinheim}, publisher={Wiley-VCH Verlag GmbH \& Co. KGaA}, author={Lifshitz, R. and Cross, M. C.}, editor={Schuster, Heinz GeorgEditor}, year={2008}, month={Apr}}

@misc{Rand_2005, title={Lecture Notes on Nonlinear Vibration}, author={Rand, Richard H.}, year={2005}, url={http://audiophile.tam.cornell.edu/randdocs/nlvibe52.pdf}, howpublished={Internet-First    University    Press,    Ithaca}, note={(http://audiophile.tam.cornell.edu/randdocs/nlvibe52.pdf)} }

@article{Rugar_2004, title={Single spin detection by magnetic resonance force microscopy}, volume={430}, ISSN={0028-0836, 1476-4687}, DOI={10.1038/nature02658}, number={6997}, journal={Nature}, author={Rugar, D. and Budakian, R. and Mamin, H. J. and Chui, B. W.}, year={2004}, month={Jul}, pages={329–332} }

@article{Degen_2007, title={Role of Spin Noise in the Detection of Nanoscale Ensembles of Nuclear Spins}, volume={99}, ISSN={0031-9007, 1079-7114}, url={https://link.aps.org/doi/10.1103/PhysRevLett.99.250601}, pages={250601}, DOI={10.1103/PhysRevLett.99.250601}, number={25}, journal={Phys. Rev. Lett.}, author={Degen, C. L. and Poggio, M. and Mamin, H. J. and Rugar, D.}, year={2007}, month={Dec} }

@article{Rose_2018, title={High-Resolution Nanoscale Solid-State Nuclear Magnetic Resonance Spectroscopy}, volume={8}, ISSN={2160-3308}, DOI={10.1103/PhysRevX.8.011030}, number={1}, journal={Phys. Rev. X}, author={Rose, William and Haas, Holger and Chen, Angela Q. and Jeon, Nari and Lauhon, Lincoln J. and Cory, David G. and Budakian, Raffi}, year={2018}, month={Feb}, pages={011030} }

@article{Chubar_1998,
	author = "Chubar, Oleg and Elleaume, Pascal and Chavanne, Joel",
	title = "{A three-dimensional magnetostatics computer code for insertion devices}",
	journal = {J. Synchrotron Radiat.},
	year = "1998",
	volume = "5",
	number = "3",
	pages = "481--484",
	month = "May",
	doi = {10.1107/S0909049597013502},
	url = {https://doi.org/10.1107/S0909049597013502},
}

@article{Moores_2015, title={Accelerated nanoscale magnetic resonance imaging through phase multiplexing}, volume={106}, ISSN={0003-6951, 1077-3118}, DOI={10.1063/1.4921409}, number={21}, journal={Appl. Phys. Lett.}, author={Moores, B. A. and Eichler, A. and Tao, Y. and Takahashi, H. and Navaretti, P. and Degen, C. L.}, year={2015}, month={May}, pages={213101} }

@article{Sigalas_1998, title={Defect states of acoustic waves in a two-dimensional lattice of solid cylinders}, volume={84}, ISSN={0021-8979, 1089-7550}, DOI={10.1063/1.368456}, number={6}, journal={J. Appl. Phys.}, author={Sigalas, M. M.}, year={1998}, month={Sep}, pages={3026–3030} }

@article{Berman_2003, title={Spin relaxation caused by thermal excitations of high-frequency modes of cantilever vibrations}, volume={68}, ISSN={0163-1829, 1095-3795}, url={https://link.aps.org/doi/10.1103/PhysRevB.68.094402},pages={094402}, number={9}, journal={Phys. Rev. B}, author={Berman, G. P. and Gorshkov, V. N. and Rugar, D. and Tsifrinovich, V. I.}, year={2003}, month={Sep} }

@article{Mozyrsky_2003, title={Theory of spin relaxation in magnetic resonance force microscopy}, volume={82}, ISSN={0003-6951, 1077-3118}, DOI={10.1063/1.1554769}, number={8}, journal={Appl. Phys. Lett.}, author={Mozyrsky, D. and Martin, I. and Pelekhov, D. and Hammel, P. C.}, year={2003}, month={Feb}, pages={1278–1280} }

@article{Gitterman_2003, title={Harmonic oscillator with multiplicative noise: Nonmonotonic dependence on the strength and the rate of dichotomous noise}, volume={67}, ISSN={1063-651X, 1095-3787}, DOI={10.1103/PhysRevE.67.057103}, number={5}, journal={Phys. Rev. E}, author={Gitterman, M.}, year={2003}, month={May}, pages={057103} }

@article{Moore_2010, title={Evading surface and detector frequency noise in harmonic oscillator measurements of force gradients}, volume={97}, ISSN={0003-6951, 1077-3118}, DOI={10.1063/1.3465906}, number={4}, journal={Appl. Phys. Lett.}, author={Moore, Eric W. and Lee, SangGap and Hickman, Steven A. and Harrell, Lee E. and Marohn, John A.}, year={2010}, month={Jul}, pages={044105} }

@article{Aureli_2010,
	title={Low frequency and large amplitude oscillations of cantilevers in viscous fluids},
	author={Aureli, Matteo and Porfiri, Maurizio},
	journal={Appl. Phys. Lett.},
	volume={96},
	number={16},
	pages={164102},
	year={2010},
}

@article{Ochs_2021,
	title = {Amplification and spectral evidence of squeezing in the response of a strongly driven nanoresonator to a probe field},
	author = {Ochs, J. S. and Seitner, M. and Dykman, M. I. and Weig, E. M.},
	journal = {Phys. Rev. A},
	volume = {103},
	issue = {1},
	pages = {013506},
	numpages = {11},
	year = {2021},
	month = {Jan},
	publisher = {American Physical Society},
	doi = {10.1103/PhysRevA.103.013506},
	url = {https://link.aps.org/doi/10.1103/PhysRevA.103.013506}
}

@book{Manevich,
	title = {{The Mechanics of Nonlinear Systems with Internal Resonances}},
	author = {Manevich, A. I. and Manevitch, L.},
	year = {2005},
	publisher = {Imperial College Press}
}

@article{Cohen_2019,
	title={Geometric phase from Aharonov--Bohm to Pancharatnam--Berry and beyond},
	author={Cohen, Eliahu and Larocque, Hugo and Bouchard, Fr{\'e}d{\'e}ric and Nejadsattari, Farshad and Gefen, Yuval and Karimi, Ebrahim},
	journal={Nat. Rev. Phys.},
	volume={1},
	number={7},
	pages={437--449},
	year={2019},
	publisher={Nature Publishing Group}
}

@article{Berry_1988,
	title={The geometric phase},
	author={Berry, Michael},
	journal={Scientific American},
	volume={259},
	number={6},
	pages={46--55},
	year={1988},
	publisher={JSTOR}
}

@article{Hannay_1985,
	doi = {10.1088/0305-4470/18/2/011},
	url = {https://doi.org/10.1088/0305-4470/18/2/011},
	year = 1985,
	month = {feb},
	publisher = {{IOP} Publishing},
	volume = {18},
	number = {2},
	pages = {221--230},
	author = {Hannay, J. H.},
	title = {Angle variable holonomy in adiabatic excursion of an integrable Hamiltonian},
	journal = {J. Phys. A: Math. Gen.}
}

@article{Bao_2017,
	author = {Chengying Bao and Yi Xuan and Cong Wang and Jose A. Jaramillo-Villegas and Daniel E. Leaird and Minghao Qi and Andrew M. Weiner},
	journal = {Opt. Lett.},
	number = {4},
	pages = {759--762},
	publisher = {Optica Publishing Group},
	title = {Soliton repetition rate in a silicon-nitride microresonator},
	volume = {42},
	month = {Feb},
	year = {2017},
	url = {http://opg.optica.org/ol/abstract.cfm?URI=ol-42-4-759},
	doi = {10.1364/OL.42.000759},
}

@article{Jang_2015,
	title={Temporal tweezing of light through the trapping and manipulation of temporal cavity solitons},
	author={Jang, Jae K and Erkintalo, Miro and Coen, Stephane and Murdoch, Stuart G},
	journal={Nat. Commun.},
	volume={6},
	number={1},
	pages={1--7},
	year={2015},
	publisher={Nature Publishing Group}
}

@article{Pizzi_2019,
	title = {Period-$n$ Discrete Time Crystals and Quasicrystals with Ultracold Bosons},
	author = {Pizzi, Andrea and Knolle, Johannes and Nunnenkamp, Andreas},
	journal = {Phys. Rev. Lett.},
	volume = {123},
	issue = {15},
	pages = {150601},
	numpages = {6},
	year = {2019},
	month = {Oct},
	publisher = {American Physical Society},
	doi = {10.1103/PhysRevLett.123.150601},
	url = {https://link.aps.org/doi/10.1103/PhysRevLett.123.150601}
}

@article{Giergiel_2019,
	title = {Discrete time quasicrystals},
	author = {Giergiel, Krzysztof and Kuro\ifmmode \acute{s}\else \'{s}\fi{}, Arkadiusz and Sacha, Krzysztof},
	journal = {Phys. Rev. B},
	volume = {99},
	issue = {22},
	pages = {220303},
	numpages = {6},
	year = {2019},
	month = {Jun},
	publisher = {American Physical Society},
	doi = {10.1103/PhysRevB.99.220303},
	url = {https://link.aps.org/doi/10.1103/PhysRevB.99.220303}
}

@article{Erkintalo_2022,
	author = {Miro Erkintalo and Stuart G. Murdoch and Stéphane Coen},
	title = {Phase and intensity control of dissipative Kerr cavity solitons},
	journal = {Journal of the Royal Society of New Zealand},
	volume = {52},
	number = {2},
	pages = {149-167},
	year  = {2022},
	publisher = {Taylor & Francis},
	doi = {10.1080/03036758.2021.1900296}
}

@article{Denner_2020,
	title = {Antichiral states in twisted graphene multilayers},
	author = {Denner, M. Michael and Lado, J. L. and Zilberberg, Oded},
	journal = {Phys. Rev. Research},
	volume = {2},
	issue = {4},
	pages = {043190},
	numpages = {8},
	year = {2020},
	month = {Nov},
	publisher = {American Physical Society},
	doi = {10.1103/PhysRevResearch.2.043190},
	url = {https://link.aps.org/doi/10.1103/PhysRevResearch.2.043190}
}

@article{Cerjan_2020,
	title = {Observation of a Higher-Order Topological Bound State in the Continuum},
	author = {Cerjan, Alexander and J\"urgensen, Marius and Benalcazar, Wladimir A. and Mukherjee, Sebabrata and Rechtsman, Mikael C.},
	journal = {Phys. Rev. Lett.},
	volume = {125},
	issue = {21},
	pages = {213901},
	numpages = {7},
	year = {2020},
	month = {Nov},
	publisher = {American Physical Society},
	doi = {10.1103/PhysRevLett.125.213901},
	url = {https://link.aps.org/doi/10.1103/PhysRevLett.125.213901}
}

@article{Benalcazar_2020,
	title = {Bound states in the continuum of higher-order topological insulators},
	author = {Benalcazar, Wladimir A. and Cerjan, Alexander},
	journal = {Phys. Rev. B},
	volume = {101},
	issue = {16},
	pages = {161116},
	numpages = {7},
	year = {2020},
	month = {Apr},
	publisher = {American Physical Society},
	doi = {10.1103/PhysRevB.101.161116},
	url = {https://link.aps.org/doi/10.1103/PhysRevB.101.161116}
}

@misc{Mathematica,
	author = {Wolfram Research{,} Inc.},
	title = {Mathematica, {V}ersion 13.1},
	url = {https://www.wolfram.com/mathematica},
	note = {Champaign, IL, 2022}
}

@article{Guglielmon_2021,
	title = {Landau levels in strained two-dimensional photonic crystals},
	author = {Guglielmon, J. and Rechtsman, M. C. and Weinstein, M. I.},
	journal = {Phys. Rev. A},
	volume = {103},
	issue = {1},
	pages = {013505},
	numpages = {16},
	year = {2021},
	month = {Jan},
	publisher = {American Physical Society},
	doi = {10.1103/PhysRevA.103.013505},
	url = {https://link.aps.org/doi/10.1103/PhysRevA.103.013505}
}

@article{Jamadi_2020,
	title={Direct observation of photonic Landau levels and helical edge states in strained honeycomb lattices},
	author={Jamadi, Omar and Rozas, Elena and Salerno, Grazia and Mili{\'{c}}evi{\'{c}}, Marijana and Ozawa, Tomoki and Sagnes, Isabelle and Lema{\^{i}}tre, Aristide and Le Gratiet, Luc and Harouri, Abdelmounaim and Carusotto, Iacopo and others},
	journal={Light Sci. Appl.},
	volume={9},
	number={1},
	pages={1--10},
	year={2020},
	publisher={Nature Publishing Group}
}

@article{Mason_2019,
	title={Continuous force and displacement measurement below the standard quantum limit},
	author={Mason, David and Chen, Junxin and Rossi, Massimiliano and Tsaturyan, Yeghishe and Schliesser, Albert},
	journal={Nat. Phys.},
	volume={15},
	number={8},
	pages={745--749},
	year={2019},
	publisher={Nature Publishing Group}
}

@article{Rossi_2018,
	title={Measurement-based quantum control of mechanical motion},
	author={Rossi, Massimiliano and Mason, David and Chen, Junxin and Tsaturyan, Yeghishe and Schliesser, Albert},
	journal={Nature},
	volume={563},
	number={7729},
	pages={53--58},
	year={2018},
	publisher={Nature Publishing Group}
}

@article{Haelg_2021,
	title = {Membrane-Based Scanning Force Microscopy},
	author = {H\"alg, David and Gisler, Thomas and Tsaturyan, Yeghishe and Catalini, Letizia and Grob, Urs and Krass, Marc-Dominik and H\'eritier, Martin and Mattiat, Hinrich and Thamm, Ann-Katrin and Schirhagl, Romana and Langman, Eric C. and Schliesser, Albert and Degen, Christian L. and Eichler, Alexander},
	journal = {Phys. Rev. Applied},
	volume = {15},
	issue = {2},
	pages = {L021001},
	numpages = {7},
	year = {2021},
	month = {Feb},
	publisher = {American Physical Society},
	doi = {10.1103/PhysRevApplied.15.L021001},
	url = {https://link.aps.org/doi/10.1103/PhysRevApplied.15.L021001}
}

@article{Haelg_2022,
	title = {Strong Parametric Coupling between Two Ultracoherent Membrane Modes},
	author = {H\"alg, David and Gisler, Thomas and Langman, Eric C. and Misra, Shobhna and Zilberberg, Oded and Schliesser, Albert and Degen, Christian L. and Eichler, Alexander},
	journal = {Phys. Rev. Lett.},
	volume = {128},
	issue = {9},
	pages = {094301},
	numpages = {6},
	year = {2022},
	month = {Mar},
	publisher = {American Physical Society},
	doi = {10.1103/PhysRevLett.128.094301},
	url = {https://link.aps.org/doi/10.1103/PhysRevLett.128.094301}
}


@article{Kim_2020,
	title={Recent advances in 2D, 3D and higher-order topological photonics},
	author={Kim, Minkyung and Jacob, Zubin and Rho, Junsuk},
	journal={Light: Science \& Applications},
	volume={9},
	number={1},
	pages={1--30},
	year={2020},
	publisher={Nature Publishing Group}
}

@article{Jackiw_1976,
	title = {Solitons with fermion number \textonehalf{}},
	author = {Jackiw, R. and Rebbi, C.},
	journal = {Phys. Rev. D},
	volume = {13},
	issue = {12},
	pages = {3398--3409},
	numpages = {0},
	year = {1976},
	month = {Jun},
	publisher = {American Physical Society},
	doi = {10.1103/PhysRevD.13.3398},
	url = {https://link.aps.org/doi/10.1103/PhysRevD.13.3398}
}



@misc{comsol, title = {{COMSOL Multiphysics v.~5.6}}, year={2021}}





